2934 5076
712 409 898 474 -4-

230 578 317 646 Nam
339 586 372 644 et
392 577 521 644 fuerunt
544 586 576 644 et
598 587 681 661 sunt,
705 578 759 665 qui
781 578 858 644 teliu
874 597 1002 665 quoque
1018 584 1073 644 aut
1089 578 1178 644 omui
1193 585 1250 644 eut
1273 585 1376 644 ettrre·
1449 643 1452 696 ,

230 689 325 756 tionis
342 696 373 753 et
388 685 577 776 repulsionis
600 687 733 776 aliisque
748 687 781 753 id
796 688 925 776 generis
946 687 1067 755 viribus
1083 689 1237 756 tribuant.
1270 687 1376 776 Itaque

231 797 476 888 progrediamur
504 798 544 865 ud
572 797 804 864 consideranda
834 809 1023 886 argumente
1052 802 1090 883 ¹e'u
1114 820 1197 888 quae
1224 797 1256 864 iu
1279 797 1377 884 physi-

230 934 339 979 corum
366 909 440 974 libri
471 909 602 976 secundi
631 911 746 1000 eapite
761 920 874 975 octavo
907 908 1074 996 proponit,
1108 908 1163 976 ubi
1174 909 1198 998 ¹)
1235 909 1377 996 „Dubite-
1450 939 1452 950 >

231 1021 380 1106 tionem“,
404 1020 457 1102 sit,
482 1019 641 1106 „exhibet
671 1019 748 1109 quid
770 1018 933 1106 impediat,
958 1018 1126 1107 quominus
1149 1027 1298 1086 naturum
1320 1041 1376 1083 non

231 1131 362 1199 alicuius
392 1130 440 1194 rei
467 1153 562 1196 oense
590 1130 716 1218 operari
745 1152 851 1218 neque
879 1129 910 1196 id
940 1130 1068 1196 efficere
1100 1128 1185 1220 quod
1208 1129 1322 1195 melius
1344 1127 1379 1194 sit

231 1251 418 1324 statuamus,
441 1240 498 1305 sed
515 1241 621 1308 omnia
635 1241 742 1306 fecere
759 1239 949 1323 necessario,
970 1238 1240 1330 quemadmodum
1255 1238 1380 1326 Jupiter

230 1374 294 1418 non
317 1351 466 1438 pluit„ut
488 1359 791 1439 segetes'orescant,
820 1350 875 1417 sed
898 1341 1090 1418 necessario.
1135 1350 1220 1416 Nem
1244 1349 1277 1414 id
1300 1347 1378 1437 quod

230 1485 355 1530 sursum
378 1461 478 1528 latum
502 1470 550 1527 est
572 1483 703 1528 neeesse
727 1471 775 1528 est
797 1461 985 1548 refrigescat
1008 1471 1104 1549 etque
1126 1459 1270 1542 decidat,
1301 1470 1379 1548 post-

231 1596 325 1661 quam
349 1571 572 1658 refrigeratum
589 1580 621 1635 et
635 1572 668 1637 in
685 1595 801 1661 uquam
814 1579 1053 1638 'commutatum
1069 1580 1126 1636 est.
1165 1569 1261 1650 Quod
1277 1581 1378 1636 autem

197 1691 206 1706 “
232 1705 269 1749 eo
298 1683 381 1748 fecto
409 1691 534 1768 segetes
565 1692 726 1765 creseunt,
743 1679 790 1748 ‘id
816 1705 875 1770 per
904 1680 1051 1748 accidens
1080 1680 1127 1745 fit.
1173 1680 1261 1760 Quid
1288 1679 1381 1767 igitur

230 1790 380 1881 impedit,
404 1791 573 1880 quominus
598 1793 710 1860 eedem
733 1792 857 1859 ratione
881 1793 976 1858 etiam
1001 1802 1108 1880 partes
1130 1815 1238 1858 rerum
1261 1802 1381 1859 nature-

230 1904 307 1972 lium
329 1925 364 1969 se
388 1903 542 1986 babeant,
571 1903 669 1969 veluti
697 1904 866 1992 quominus
892 1903 1008 1969 'dentes
1036 1903 1180 1968 orientur
1203 1901 1379 1974 necessario

230 2015 385 2103 primores
416 2014 544 2102 quidem
574 2013 675 2096 eruti,
705 2007 751 2080 ite
779 2023 814 2080 ut
843 2012 949 2080 idonei
981 2013 1044 2079 sint
1074 2012 1152 2080 cibis
1175 2011 1379 2094 disserendis,

229 2122 361 2213 genuini
384 2124 673 2212 eutempluniores
697 2133 728 2189 et
752 2125 791 2190 ad
815 2124 980 2190 molendos
1003 2123 1091 2190 cibos
1115 2124 1196 2211 apti,
1225 2149 1298 2191 oum
1320 2146 1379 2188 non

231 2237 271 2304 ob
295 2259 365 2302 eam
389 2257 517 2300 oausam
544 2234 625 2300 tales
652 2234 728 2300 iacti
759 2233 836 2319 siut,
867 2235 924 2302 sed
946 2234 978 2300 id
1002 2256 1066 2299 unu
1089 2234 1250 2315 evenerit,
1280 2233 1381 2301 simili·

228 2358 343 2435 terque
383 2345 479 2412 etiem
514 2342 546 2409 in
581 2344 711 2433 reliquis
746 2345 887 2432 eorporis
925 2345 1070 2431 partibus
1104 2367 1155 2410 res
1190 2367 1224 2411 se
1259 2345 1382 2428 hebeat,

229 2459 262 2524 iu
286 2457 401 2546 quibus
425 2455 498 2522 finis
520 2456 624 2521 inesse
647 2455 739 2522 nobis
762 2453 916 2522 videtur?
959 2455 1045 2522 Nem
1068 2456 1199 2522 credere
1221 2455 1308 2538 licet,
1332 2453 1382 2520 ubi

231 2578 367 2635 cunctae
393 2576 502 2655 partes
532 2567 706 2634 evenerint·
725 2567 822 2651 tales,
850 2566 960 2655 quales
989 2567 1100 2650 etiem,
1130 2565 1157 2630 si
1180 2566 1312 2632 alieuius
1338 2563 1383 2630 rei

231 2702 327 2745 oense
349 2678 562 2760 exstitissent,
592 2699 631 2742 ee
660 2676 789 2766 quidem
818 2697 953 2765 corpora
977 2685 1167 2744 conservate
1195 2698 1282 2759 esse,
1312 2699 1382 2742 oum

230 2798 343 2876 sponte
367 2798 437 2854 orte
459 2789 523 2855 sint
545 2788 670 2871 idonee,
694 2808 906 2878 quaecunque
922 2796 1028 2854 autem
1051 2809 1153 2870 secus,
1178 2797 1210 2854 et
1225 2787 1382 2852 interiisse

230 2908 262 2964 et
280 2898 425 2982 interire,
455 2900 725 2987 quemadmodum
748 2897 881 2986 periisse
904 2897 1120 2987 Empedocles
1144 2896 1222 2963 dicit
1243 2897 1383 2962 bovesa

229 3009 334 3096 priore
356 3019 447 3098 purte
469 3008 502 3074 in
526 3010 689 3078 hominum
711 3006 951 3076 similitudinem
974 3007 1220 3075 conformatos.“

315 3118 439 3199 Quibus
463 3123 614 3188 extremis
636 3119 777 3188 breviter
801 3129 833 3186 et
856 3119 992 3187 obscure
1009 3117 1207 3206 significetur
1223 3117 1304 3184 ratio
1322 3139 1383 3205 qua

229 3229 444 3318 Empedocles
467 3231 578 3299 mundi
601 3254 774 3319 rerumque
797 3219 880 3318 quae
911 3231 943 3296 in
967 3253 1004 3298 eo
1026 3231 1135 3296 insunt
1158 3237 1264 3295 ortum
1287 3227 1384 3316 expli-

230 3364 304 3408 eare
326 3341 616 3427 studuerat,‘ouius
639 3341 798 3430 opinionis
821 3341 958 3430 vestigia
980 3364 1064 3430 quue
1084 3339 1118 3404 in
1139 3338 1244 3428 eapite
1267 3337 1306 3404 de
1321 3359 1384 3425 quo

231 3451 355 3540 egimus
378 3461 410 3518 et
431 3453 531 3542 Phys.
549 3455 639 3540 11,4.
659 3451 907 3540 196a20seqq.
934 3451 1137 3540 reperiuntur
1160 3448 1281 3538 optime
1303 3470 1385 3513 oom-

228 3563 335 3652 posuit
349 3563 677 3651 Trendelenburgius,
700 3563 757 3628 Vir
773 3560 937 3647 Summus,
959 3563 992 3628 in
1014 3562 1099 3628 hune
1114 3561 1182 3626 fere
1198 3558 1327 3626 modum
1340 3556 1384 3642 ²):

231 3675 337 3761 ,Dum
361 3696 448 3740 umor
471 3683 503 3740 et
526 3673 642 3758 odium,
666 3673 697 3738 b.
715 3695 743 3736 e.
766 3674 852 3740 vires
868 3673 1098 3762 coniungentes
1115 3680 1147 3736 et
1163 3669 1384 3750 dissolventes,

229 3785 313 3850 inter
343 3805 377 3850 se
409 3793 550 3866 certent,
586 3785 744 3851 elementa
772 3783 932 3872 quaedam
961 3790 992 3850 et
1025 3783 1148 3870 figurae
1181 3783 1384 3848 concurrunt.

231 3893 322 3974 Quae
350 3894 377 3960 si
411 3895 455 3961 ite
484 3893 690 3981 conveniunt,
725 3903 759 3962 ut
792 3905 962 3985 postquem
995 3900 1231 3962 concreverunt
1263 3889 1386 3957 servari

229 4015 399 4093 nequeunt,
423 4029 475 4073 res
499 4029 540 4073 ex
561 4005 600 4071 iis
623 4005 822 4095 compositae
842 4029 952 4074 rursus
975 4013 1120 4093 pereunt,
1142 4012 1255 4069 contre
1276 4009 1386 4090 partes

230 4138 311 4204 qnae
333 4115 417 4184 inter
439 4139 473 4184 se
496 4116 669 4184 concinunt
691 4126 787 4205 etque
810 4117 863 4203 ite,
888 4126 924 4184 ut
947 4114 1129 4183 conservari
1152 4113 1291 4202 possint,
1312 4135 1387 4178 uon·

280 4376 320 4443 ·¹)
340 4375 378 4431 (tf.
397 4392 422 4442 p.
440 4379 487 4428 198
501 4374 630 4444 b'ltsqq.

301 4464 320 4528 ¹)
342 4466 406 4532 Lug.
427 4463 528 4516 Untere.
549 4465 583 4529 11,
602 4483 630 4534 p.
644 4471 685 4520 63.
