2950 5076
698 407 929 472 -104-

154 589 158 598 '
233 600 286 642 σει
310 572 503 663 θερμότητα
527 575 561 643 ἒν
582 581 629 664 τῷ
650 573 781 660 στόματι
800 574 967 665 ἐποίησεν·
993 577 1077 668 αὕτη
1092 576 1127 648 δ’
1145 577 1234 650 ἔστὶν
1250 576 1271 668 ἢ
1286 576 1387 670 ὑγίεια

233 680 390 773 ἢμόρος,
420 683 441 776 ἢ
464 683 651 756 ἀκολουθεῖ
679 684 765 778 αὐτῇ
794 689 895 778 μέρος
924 714 958 756 τι
984 694 1044 779 τῆς
1072 686 1201 778 ὑγιείας
1224 688 1246 781 ἢ
1270 689 1386 781 odedi}
1446 671 1447 766 i

231 792 354 882 ὑγίεια
388 797 443 865 διὸ
467 799 523 867 καὶ
546 800 679 885 λέγεται
701 805 827 876 ποιεῖν,
858 797 912 868 ὅτι
942 800 1046 869 ἐκεῖνο
1071 803 1247 892 ποιεῖτὴν
1270 798 1388 890 ὑγίειαν

232 897 257 996 ᾧ
286 903 470 975 ἀκολουθεῖ
504 911 561 977 καὶ
594 911 780 999 συμβέβηκε
814 907 992 1000 θερμότης.
1043 917 1105 981 Pro
1140 940 1204 1003 quo
1240 915 1388 982 vocabulo
1446 965 1447 1004 η

234 1030 379 1086 extremo
410 1021 604 1088 assentimur
633 1023 798 1105 Bonitzio,
826 1024 895 1090 viro
924 1025 964 1090 de
987 1025 1171 1092 Aristotelis
1203 1024 1390 1114 metaphysi·
1446 1055 1447 1096 ι

232 1153 343 1196 corum
365 1129 455 1195 libris
478 1131 729 1220 interpretandis
752 1135 918 1219 praeclare
939 1135 1064 1218 merito,
1088 1137 1298 1204 scribendum
1313 1157 1389 1201 esse:

232 1235 250 1327 ἡ
268 1235 387 1326 ὑγίεια.
423 1241 592 1320 Sententia
607 1253 716 1308 autem
729 1243 894 1309 enuncieti
911 1245 1048 1311 extremi
1065 1269 1135 1312 esse
1158 1248 1252 1332 nobis
1273 1246 1391 1312 videtur
1446 1323 1447 1344 η

232 1351 326 1416 haec:
351 1348 448 1439 quam
471 1354 512 1418 ob
537 1377 667 1419 oausam
691 1355 778 1419 calor
798 1355 853 1441 qni
877 1355 979 1421 estin
1002 1379 1136 1445 corpore
1160 1358 1259 1424 etiam
1283 1355 1391 1422 dicitur
1446 1349 1447 1420 i

232 1461 363 1528 efficere
389 1462 456 1526 scil.
486 1463 673 1546 sanitatem,
703 1475 878 1551 propterea
907 1467 994 1554 quod
1022 1467 1054 1532 id
1083 1468 1184 1533 efficit
1211 1469 1391 1544 sanitatem,
1446 1461 1447 1550 i

232 1571 319 1660 quod
354 1573 562 1661 consequitur
595 1573 711 1660 cuique
746 1573 863 1638 accidit
896 1577 1028 1643 sanitas.
1086 1577 1154 1644 Ubi
1189 1578 1278 1644 enim
1311 1575 1392 1642 calor

232 1683 376 1769 corporis
403 1684 570 1750 restitutus
595 1693 658 1766 est,
689 1683 807 1749 sanitas
830 1688 1049 1787 consequitur,
1080 1711 1178 1777 quam
1201 1689 1245 1754 ob
1270 1707 1391 1754 causam
1446 1747 1447 1798 η

232 1796 371 1860 calorem
401 1793 455 1882 qui
484 1803 532 1858 est
562 1795 595 1861 in
625 1816 760 1881 corpore
794 1795 941 1862 sanitatis
971 1821 1102 1864 cansam
1130 1799 1278 1866 dicimus.
1323 1795 1391 1863 Alio
1446 1847 1447 1882 η

233 1913 329 1992 atque
357 1929 416 1968 nos
444 1905 484 1968 de
513 1905 574 1968 hoc
603 1905 674 1972 loco
705 1905 869 1972 existimat
892 1906 1075 1990 Bonitzius,
1105 1912 1159 1997 qui
1192 1909 1313 1976 omisso
1340 1905 1391 1996 την
1446 1885 1447 1899 ¹

230 2009 361 2101 ὑγίειαν
384 2013 568 2079 accusativo
594 2016 749 2102 explicat:
777 2013 833 2082 διὸ
863 2015 920 2084 καὶ
945 2015 1078 2104 λέγεται
1100 2025 1212 2086 ποιεῖν
1236 2021 1350 2108 (intell.
1372 2012 1388 2102 ἡ

232 2124 266 2192 ἐν
292 2128 334 2214 τῇ
362 2118 491 2212 κινήσει
519 2121 688 2212 θερμότης
716 2124 776 2214 τήν
799 2122 960 2215 ὑγίειαν),
991 2124 1044 2195 ὅτι
1072 2127 1177 2196 ἐκεῖνο
1202 2130 1318 2216 (intell.
1339 2125 1390 2214 τὴν

232 2235 266 2303 ἐν
286 2239 333 2322 τῷ
355 2231 485 2318 στόματι
507 2230 713 2322 θερμότητα)
736 2242 839 2316 ποιεῖ,
865 2226 892 2325 qi
915 2234 1101 2306 ἀκολουθεῖ
1117 2239 1174 2307 καὶ
1194 2238 1390 2326 συμβέβηκεν

231 2342 390 2434 ἦὺγίεια.
426 2346 519 2425 Quae
543 2347 716 2434 explicatio
733 2347 774 2411 ob
799 2349 882 2413 hauc
905 2350 1047 2416 maxime
1070 2373 1203 2416 oausam
1227 2350 1389 2441 probando

233 2483 303 2526 esse
334 2483 399 2525 non
428 2456 564 2537 videtur,
594 2455 681 2543 quod
705 2455 838 2543 λέγεται
867 2460 957 2524 verbi
988 2460 1168 2528 subiectum
1196 2473 1332 2550 proptor
1358 2482 1391 2524 ea

233 2591 316 2656 quae
348 2567 543 2634 antecedunt
571 2589 641 2631 esse
671 2569 782 2655 nequit
815 2568 877 2634 nisi
907 2570 996 2636 calor
1025 2571 1080 2656 qui
1110 2583 1160 2637 cst
1187 2571 1221 2637 in
1251 2591 1388 2660 corpore.

233 2679 300 2746 Sed
341 2681 405 2746 iam
446 2687 647 2744 revertemur
684 2678 725 2742 ad
764 2679 872 2748 locum
911 2681 1062 2770 priorem.
1124 2681 1218 2760 Quae
1263 2683 1321 2750 illa
1356 2682 1390 2746 de

97 2875 107 2890 .
210 2791 348 2880 ouibus
383 2790 510 2878 egimus
545 2787 645 2854 verba
680 2802 859 2876 sequnntur
892 2801 980 2858 recte
1014 2814 1033 2856 a
1061 2791 1210 2858 Bouitzio
1245 2803 1388 2880 putamus

232 2901 350 2991 corrigi
378 2903 440 2968 hoe
467 2898 579 2966 modo:
609 2889 682 2967 οἷον
709 2902 768 2988 τῆς
798 2897 905 2982 οἰκίας
935 2897 969 2969 oi
998 2897 1096 2968 λίθοι
1118 2900 1175 2968 καὶ
1196 2895 1389 2970 τῶνᾶλλων

233 3005 338 3078 όλλατ
361 3014 438 3101 (hoo
462 3021 643 3078 extremum
666 3021 774 3078 autem
796 3015 900 3080 est'id
924 3013 1010 3102 quod
1033 3011 1133 3080 efficit
1146 3021 1248 3100 atque
1260 3013 1294 3080 id
1311 3008 1389 3100 quod

232 3124 278 3190 ita
301 3145 335 3188 se
357 3123 456 3188 habet
477 3144 553 3209 pars
581 3124 726 3188 sanitatis
756 3123 834 3209 est),
864 3123 965 3190 veluti
992 3123 1132 3190 aedificii
1156 3125 1299 3212 lapidos,
1326 3121 1388 3188 scil.

233 3258 308 3322 pers
331 3242 420 3316 sunt,
449 3242 481 3298 et
504 3232 640 3298 aliorum
664 3232 737 3298 elie.
783 3235 854 3302 Iam
878 3233 1053 3321 quaeritur,
1082 3257 1158 3300 uum
1188 3234 1389 3302 haereticae

233 3347 317 3411 iusta
333 3341 492 3410 efficiatur
507 3343 741 3411 sententiarum
757 3346 973 3412 cohaerentia.
1008 3343 1105 3424 Quod
1121 3344 1177 3411 vix
1194 3342 1387 3412 crediderim.

232 3455 317 3522 Nam
351 3455 383 3519 in
415 3455 500 3520 hune
530 3453 660 3520 modum
692 3455 718 3520 si
748 3455 850 3521 verba
878 3457 1116 3535 constituimus,
1156 3455 1388 3523 confunduntur

232 3567 317 3630 inter
340 3587 375 3630 se
398 3586 495 3630 causa
518 3563 663 3629 efficiens
687 3575 719 3630 et
741 3589 840 3631 causa
862 3565 1046 3634 materialis.
1091 3567 1208 3653 Itaque
1237 3564 1388 3632 excidisse
1446 3561 1447 3582 ¹

233 3683 382 3764 putemus
410 3673 605 3742 sententiam
635 3698 700 3763 qua
729 3675 924 3743 Aristoteles
957 3676 998 3742 ed
1032 3700 1162 3746 eausam
1195 3675 1386 3744 materialem

233 3785 404 3852 transierit.
450 3785 545 3866 Quae
574 3787 670 3852 fuerit
696 3786 752 3854 illa
783 3785 959 3868 sententia,
989 3797 1078 3854 certo
1112 3788 1176 3854 diei
1204 3813 1269 3856 non
1299 3803 1388 3877 possa

233 3907 377 3986 apparet.
424 3899 577 3963 Attamen
611 3921 682 3964 cum
716 3899 888 3964 antecedat
922 3921 1039 3964 causae
1073 3900 1243 3968 efficientis
1276 3898 1386 3970 mentio
1446 3939 1447 3990 η

233 4018 330 4095 atque
353 4017 507 4095 sequatur
530 4010 793 4075 commemoratio
816 4010 988 4087 materiae,
1017 4011 1107 4076 cuins
1136 4023 1253 4078 natura
1275 4023 1323 4080 est
1343 4032 1385 4091 ea,

233 4129 268 4184 ut
290 4117 440 4205 patiatur,
465 4129 498 4181 et
521 4119 737 4207 quodeunque
761 4121 861 4199 efficit
876 4122 1013 4188 alterum
1029 4121 1116 4210 quod
1131 4122 1272 4208 potiatur
1293 4120 1387 4211 requi·
1446 4111 1447 4156 ³

233 4237 297 4293 rat:
321 4228 460 4316 exempli
484 4251 581 4294 causa
603 4231 747 4296 inserere
770 4231 868 4299 liceat
891 4235 1082 4302 sententiam
1105 4235 1203 4300 hane:
1234 4236 1265 4302 ei
1288 4245 1385 4302 autem

234 4337 321 4426 quod
344 4337 443 4404 officit
465 4361 594 4427 semper
617 4363 693 4428 pars
708 4365 792 4431 quae
808 4346 951 4432 patietur
974 4346 1158 4435 suppeditet
1180 4369 1314 4414 necesse
1335 4352 1385 4409 est
1446 4361 1447 4368 ’

233 4451 350 4535 Itaque
372 4449 478 4518 locum
501 4451 734 4522 restituendum
751 4479 821 4522 essa
836 4465 988 4544 putamus
1009 4457 1041 4522 in
1056 4457 1142 4524 hunc
1156 4457 1233 4528 fere¹
1249 4459 1384 4528 modum:
