2870 5076
702 431 909 498 ,56-

226 613 349 694 potest,
380 613 416 670 ut
437 604 573 671 materis
594 603 666 690 ipsa
688 623 722 668 se
744 609 874 668 moveat
895 602 955 682 ita,
977 609 1014 668 ot
1035 600 1171 667 exsistat
1192 597 1277 666 idem
1298 597 1375 687 qnod

228 716 408 780 etiam-arte
425 713 573 780 efficitur.
605 712 730 777 ·Veluti
745 733 860 799 corpus
875 711 1061 793 homanum,
1084 709 1110 774 si
1129 717 1286 797 aegrotat,
1309 729 1374 773 casu

227 833 334 912 potest
361 824 407 890 ita
434 823 572 905 moveri,
600 831 636 887 ut
664 820 751 886 calor
782 821 913 903 orietm,
941 841 1005 909 qno
1032 820 1116 886 iusta
1144 819 1287 907 corporis
1308 827 1376 882 tenr-

229 933 336 1022 peries
364 932 511 1015 aflicitur,
541 933 586 998 its
612 939 646 998 ut
674 928 859 998 restituatur
886 930 972 996 bons
998 927 1158 995 valetudo.
1204 927 1268 994 Hic
1289 927 1375 1014 igitur

228 1042 328 1110 motio
352 1063 436 1130 quae
458 1064 534 1107 casu
557 1039 680 1107 exstitit
702 1048 751 1104 est
773 1038 887 1108 eadem
910 1061 974 1128 qua
1002 1038 1082 1104 alias
1109 1037 1210 1104 utitur
1232 1037 1375 1104 medicos.

229 1151 425 1240 Ubicunque
453 1149 614 1217 autemid
637 1148 707 1215 fieri
729 1159 848 1238 potest,
879 1173 956 1216 casu
984 1169 1215 1235 nonnunquam
1240 1147 1277 1213 fit
1302 1145 1376 1211 idem

229 1260 316 1349 quod
345 1283 397 1326 ars
429 1261 558 1328 efficere
586 1260 677 1326 solet.
723 1259 839 1346 Neque
865 1259 968 1326 minus
995 1257 1029 1334 id
1050 1257 1083 1322 in
1111 1257 1208 1324 rebus
1231 1256 1378 1346 reperitur

228 1371 446 1456 naturalibus,
475 1371 529 1437 ubi
553 1395 629 1438 casu
652 1379 830 1436 naseuntur
851 1389 918 1451 res,
947 1389 1082 1456 quarum
1111 1368 1247 1434 materia
1269 1376 1317 1432 est
1336 1387 1377 1446 ea,

146 1523 149 1532 ·
229 1489 265 1545 ut
285 1481 356 1567 ipsa
378 1503 413 1546 se
435 1503 567 1550 movere
590 1481 690 1570 possit
711 1491 798 1546 motu
822 1501 885 1566 quo
908 1484 1017 1543 movet
1039 1497 1157 1542 semen.
1196 1478 1264 1546 Ubi
1280 1486 1376 1544 autem

228 1587 261 1654 id
288 1589 358 1656 lieri
386 1592 515 1679 nequit,
545 1613 602 1656 ese
629 1599 763 1656 naturae
792 1613 856 1655 non
884 1587 1031 1654 oriuntur
1056 1585 1117 1652 nisi
1146 1609 1188 1654 ex
1211 1588 1281 1656 aliis
1302 1607 1376 1675 qnae

228 1699 359 1784 generis
387 1710 462 1767 sunt
491 1699 633 1766 eiusdem
644 1700 679 1787 ¹).
725 1699 791 1766 Sed
825 1699 899 1764 hinc
929 1706 1040 1785 petere
1069 1697 1139 1784 quis
1167 1699 1269 1785 possit
1294 1721 1378 1786 argu·

231 1819 373 1876 mentum
398 1819 510 1876 contra
531 1811 739 1876 Aristotelem
763 1819 794 1875 et
817 1829 986 1897 quaerere,
1010 1829 1083 1872 eum
1105 1806 1261 1874 eiusmodi
1283 1806 1375 1872 visin

231 1920 366 1985 materia
388 1920 477 2002 insit,
506 1919 599 2006 quid,
625 1919 794 2008 quominus
817 1918 858 1985 ab
880 1915 971 1982 initio
992 1939 1101 1983 rerum
1123 1940 1236 1984 omnes
1257 1927 1377 1986 naturas

201 2109 203 2116 Ι
232 2050 322 2094 mera
350 2030 503 2096 materiae
526 2031 558 2096 vi
580 2039 764 2119 procreatas
796 2049 866 2094 esse
898 2049 1072 2112 sumamus,
1103 2027 1265 2116 impediat.
1308 2027 1376 2092 Pro·

231 2138 317 2202 fecto
341 2139 424 2204 enim
448 2140 525 2204 satis
547 2161 611 2205 non
636 2149 684 2204 ast
707 2138 831 2221 dicere,
861 2161 936 2202 casu
965 2159 1017 2202 res
1044 2139 1208 2205 naturales
1231 2139 1376 2203 exsistere

230 2269 325 2334 posse
349 2271 403 2313 eas
425 2250 457 2313 in
482 2271 618 2336 quarum
633 2249 768 2314 materia
783 2248 860 2314 insit
875 2268 913 2312 ea
928 2246 987 2329 vis,
1010 2258 1045 2314 ut
1060 2247 1173 2314 eodem
1189 2271 1252 2337 qno
1275 2265 1374 2312 semen

231 2366 320 2422 motu
343 2357 468 2444 ipsese
492 2369 635 2441 moveat,
664 2358 720 2423 sed
748 2357 781 2422 id
805 2357 910 2444 ipsum
933 2357 1028 2423 sertis
1051 2357 1168 2424 finibus
1191 2354 1376 2424 circumseri·

233 2465 373 2533 bendum
396 2478 454 2550 est,
478 2478 512 2534 ut
535 2467 615 2534 ratio
639 2467 679 2533 ab
703 2465 850 2533 omnibus
873 2465 1018 2554 pertibus
1041 2477 1174 2532 constet.

273 2645 275 2650 ,
319 2575 473 2644 Videmus
495 2589 618 2662 autem,
651 2576 797 2667 quamvis
822 2599 913 2642 casus
943 2577 1167 2663 agnoscendus
1191 2579 1250 2660 sit,
1277 2586 1375 2642 tamen

231 2685 418 2773 primariam
443 2709 514 2754 esse
537 2711 666 2755 causam
688 2688 836 2769 finalem,
869 2711 941 2752 eum
970 2688 1049 2754 baec
1072 2687 1202 2776 quidem
1226 2705 1320 2753 cansa
1339 2682 1376 2748 sit

230 2817 293 2882 per¹
315 2816 365 2878 se,
395 2819 452 2882 per
479 2799 627 2864 accidens
656 2798 758 2884 ille¹).
805 2795 926 2863 Contra
954 2805 1053 2886 saepe
1084 2798 1284 2866 desideratur
1309 2793 1374 2858 finis

231 2916 328 2994 atque
358 2905 450 2973 adest
476 2908 508 2972 id
539 2908 625 2996 quod
654 2909 682 2972 ei
713 2917 761 2972 est
788 2908 998 2982 contrarium,
1022 2910 1053 2974 b.
1071 2930 1099 2973 e.
1124 2908 1217 2975 adest
1237 2903 1373 2996 privatio.

229 3015 279 3079 De
302 3015 362 3081 bac
384 3017 484 3105 igitur
506 3017 568 3086 iem
592 3017 685 3084 nobis
708 3027 758 3082 est
781 3017 1013 3083 disserendum.
1113 2999 1118 3016 ⁸

315 3128 527 3215 Physicorum
554 3129 627 3196 libri
656 3128 751 3216 primi
778 3127 852 3194 inde
880 3151 899 3192 a
921 3130 1027 3216 capite
1055 3138 1170 3218 quarto
1194 3126 1374 3197 Aristoteles

232 3235 452 3305 demonstrare
479 3240 599 3322 studet,
640 3240 800 3304 contrario
834 3261 905 3303 esse
936 3261 1044 3306 rerum
1070 3263 1183 3305 causas
1212 3238 1374 3306 accedente

231 3346 410 3435 materia⁸).
449 3349 564 3439 ltaque
584 3351 644 3417 tria
659 3349 816 3438 principia
832 3349 1002 3415 statuenda
1017 3357 1100 3432 sunt,
1126 3371 1263 3437 quorum
1287 3370 1374 3416 unum

308 3491 325 3558 ¹)
345 3494 377 3546 L.
395 3495 413 3546 1.
435 3498 531 3551 lotlb
545 3504 573 3550 4:
595 3495 647 3551 dua
666 3496 698 3550 dl
717 3492 773 3548 ἀπὸ
792 3493 964 3567 ταύτομάτου
984 3491 1076 3564 ὥσπερ
1090 3496 1291 3568 ἐκτῖγίγνετοτ,
1309 3492 1374 3549 ὅσον

228 3575 245 3645 ἡ
263 3573 312 3643 ὕλη
332 3575 447 3632 δύναται
465 3583 512 3633 καὶ
531 3580 585 3653 ὑφ’
607 3581 688 3650 αὐτῆς
707 3588 845 3637 κινεῖσθαι
862 3581 962 3650 ταύτην
980 3580 1155 3650 τὴνκίνησιν
1173 3582 1207 3652 ἣν
1225 3583 1255 3640 τὸ
1274 3587 1374 3652 σπέρμα

232 3670 309 3720 κινεῖ.
345 3662 420 3720 ὅσων
439 3664 470 3720 di
487 3666 534 3740 μή,
553 3673 637 3724 ταῦτα
657 3667 780 3750 ἀδύνατα
800 3664 887 3729 ἄλλως
905 3688 962 3730 πως
978 3665 994 3737 ἢ
1013 3670 1042 3729 ἐξ
1060 3668 1159 3726 αὐτῶν.

305 3753 324 3818 ¹)
342 3753 423 3820 Phys.
442 3756 476 3818 H,
498 3760 521 3808 e.
542 3761 590 3809 198
603 3775 618 3810 a
632 3767 661 3810 5:
686 3756 747 3811 ἐπεὶ
769 3755 797 3810 d'
818 3757 875 3810 lust
892 3755 922 3810 τὸ
947 3754 1105 3829 αὐτόματον
1128 3760 1175 3811 καὶ
1195 3757 1211 3826 ἡ
1229 3755 1293 3828 τύχη
1312 3759 1375 3809 stass

232 3828 271 3897 ὧν
289 3835 324 3895 ἂν
341 3835 357 3906 ἢ
376 3842 441 3901 νοῦς
457 3845 564 3911 γίνοιτο
584 3848 669 3904 αἴτιος
686 3841 703 3911 ἢ
722 3840 813 3915 φύσις,
833 3841 900 3899 ὅταν
919 3841 987 3898 κατὰ
1006 3843 1175 3915 συμβεβηκὸς
1194 3843 1282 3902 αἴτιόν
1298 3865 1322 3899 τι
1338 3842 1376 3911 γί-

231 3946 310 3994 νηται
328 3925 431 3984 τούτων
450 3928 550 3994 αὐτῶν,
575 3927 658 3985 οὐδὲν
682 3930 714 3984 δὲ
737 3931 806 3986 κατὰ
826 3927 995 4004 συμβεβηκός
1018 3933 1076 3990 ἔστι
1093 3931 1229 4004 πρότερον
1246 3933 1299 3988 τῶν
1316 3923 1373 3984 καθ’

232 4012 307 4080 αὐτό,
326 4015 411 4084 δῆλον
429 4013 468 4072 δτι
490 4016 557 4072 οὐδὲ
575 4017 606 4072 τὸ
625 4016 693 4072 κατὰ
713 4017 883 4090 συμβεβηκὸς
901 4024 989 4076 αἴτιον
1008 4015 1144 4092 πρότερον
1160 4025 1211 4077 τοῦ
1229 4017 1294 4075 καθ’
1309 4009 1375 4072 αὑτό.

231 4098 345 4174 ὕστερον
364 4097 417 4171 ἄρα
440 4103 470 4160 τὸ
495 4103 652 4178 αὐτόματον
675 4109 722 4160 καὶ
739 4105 755 4174 ἡ
774 4104 839 4175 τύχη
865 4111 912 4160 καὶ
935 4110 986 4163 νοῦ
1009 4111 1057 4162 sol
1074 4105 1191 4179 φύσεως·
1216 4105 1283 4163 ὥστ’
1303 4108 1326 4161 sl
1341 4099 1374 4157 ὅτι

232 4186 351 4262 μάλιστα
374 4194 423 4246 τοῦ
446 4190 567 4264 οὐρανοῦ
594 4198 682 4249 αἴτιον
704 4193 734 4248 τὸ
761 4192 928 4266 αὐτόματον,
956 4192 1063 4266 ἀνάγκη
1093 4194 1228 4270 πρότερον
1252 4198 1317 4253 νοῦν
1337 4189 1376 4245 ²1¹²

232 4273 319 4348 φύσιν
339 4282 429 4334 αἰτίαν
448 4280 518 4336 εἶναι
537 4285 584 4336 καὶ
603 4275 694 4338 ἄλλων
713 4285 823 4336 πολλῶν
841 4286 888 4335 καὶ
905 4284 988 4338 τοῦδε
1007 4282 1117 4346 παντός.

305 4366 325 4432 ³)
344 4370 375 4420 L.
394 4370 412 4422 l.
431 4371 452 4433 I,
472 4379 496 4423 5.
517 4376 566 4426 188
579 4373 597 4424 b
611 4377 656 4425 21:
675 4373 700 4426 et
717 4376 811 4427 τοίνυν
823 4368 900 4424 τοῦτ’
915 4372 989 4427 ἐστὶν
1001 4369 1118 4440 deludis„
1128 4369 1206 4429 ἄτιον
1218 4372 1254 4431 ev
1265 4377 1375 4443 ytysoeo

231 4447 261 4506 τὸ
279 4449 447 4522 γιγνόμενον
466 4460 512 4510 καὶ
532 4463 675 4530 φθείροιτο
698 4458 729 4513 sd
748 4455 938 4532 φθειρόμενον
956 4453 972 4526 ἢ
991 4459 1020 4520 ἐξ
1037 4459 1170 4518 ἐναντίων
1187 4461 1204 4532 ἢ
1223 4467 1261 4525 τίς
1277 4459 1375 4519 aaut«
