2992 5116
759 389 1016 492 'w'

223 609 280 694 ‘det
302 610 423 693 βλέψαι,
446 607 502 674 dclv
522 605 541 695 ᾖ
564 605 736 688 ταότόνό
753 606 870 699 ὅμοιον,
895 617 921 678 εί
936 618 1099 699 ἰσοταχεῖς
1119 620 1155 678 αἱ
1170 613 1377 693 οίλλοιοόσεις,

232 706 313 788 deig
331 711 382 784 ud¹
397 709 631 798 οἱλλοιοόμενον.
675 721 711 781 In
743 722 839 782 libris
863 721 1027 783 subdititiis
1050 724 1221 784 invenitur:
1266 727 1374 788 Ethic.

231 820 358 884 Eudem.
379 819 489 906 11227.
522 822 550 882 5.
580 819 621 885 25
656 820 766 897 (1244.
798 843 825 882 a.
849 822 891 886 24
923 825 1107 886 Fritzsohius
1124 828 1295 907 proponit);
1333 829 1374 888 de

126 987 130 1000 p
230 924 408 1002 Xenophon.
430 923 503 989 976.
536 925 565 986 b.
593 923 643 1000 19;
679 927 790 1004 Magna
813 927 919 990 Moral.
947 926 1038 991 1194.
1066 930 1096 991 b.
1124 919 1247 1002 latu,
1274 929 1373 995 1201.

128 1045 132 1050 ·
232 1047 259 1091 a.
291 1025 319 1098 9,
354 1025 445 1090 1204.
476 1048 503 1090 a.
530 1027 581 1100 26,
619 1026 710 1092 1205.
741 1048 769 1087 a.
799 1026 856 1103 25,
893 1027 984 1094 1206.
1008 1051 1035 1094 a.
1059 1029 1109 1094 28.
1155 1031 1246 1111 Apud
1268 1033 1372 1093 'Pheo-
1411 1043 1429 1052 ’

231 1129 384 1210 phrastum
402 1149 520 1210 quoque
541 1131 572 1189 in
594 1149 647 1191 usu
671 1141 723 1204 cst,
744 1151 773 1190 v.
797 1127 864 1194 hist.
880 1117 976 1212 ⁸plant.
999 1135 1024 1195 1.
1049 1135 1078 1196 7.
1103 1133 1132 1208 3,
1159 1134 1186 1196 1.
1213 1133 1261 1196 14.
1282 1132 1313 1198 5.
1350 1165 1354 1172 ’

318 1224 362 1300 Διί
391 1239 458 1312 post
491 1233 517 1289 εί
555 1233 659 1307 (multo
688 1234 783 1294 rarius
815 1243 884 1314 post
915 1226 982 1311 ἐοίν)
1012 1237 1140 1314 positum
1175 1235 1296 1310 indicat,
1334 1237 1367 1296 id

229 1335 309 1416 quod
341 1336 540 1396 enuntiatione
573 1323 763 1396 conditionali
799 1337 954 1424 afferatur,
997 1339 1187 1399 manifestum
1225 1339 1276 1399 vel
1311 1361 1368 1402 no-

199 1459 201 1466 *
230 1447 292 1499 turn
326 1457 400 1500 esse.
446 1436 505 1512 Qui
529 1457 601 1498 usus
634 1459 699 1498 cum
733 1440 902 1498 notissimus
936 1441 1091 1520 sinatque
1129 1442 1302 1521 saepissime
1334 1444 1368 1500 in

109 1547 111 1560 '
156 1576 158 1581 ·
232 1530 368 1602 orn-nibus
393 1541 508 1620 scriptis
543 1542 719 1616 inveniatur,
756 1541 894 1620 exempla
916 1541 1030 1601 afferre
1044 1561 1202 1622 nonopus
1224 1552 1277 1605 cst.
1315 1543 1366 1607 Of.

230 1643 366 1707 Krisclie.
391 1637 552 1722 Gottinger
565 1625 701 1721 gelehrte
713 1639 870 1722 Anasigen
889 1630 981 1706 1834.
1004 1665 1074 1724 pag.
1094 1643 1185 1738 1885.
1224 1639 1310 1724 ε’ίπὲρ
1323 1639 1366 1714 δή

230 1767 301 1806 num
314 1746 490 1806 Aristoteles
506 1746 682 1816 adhibuerit,
697 1739 826 1806 dubitari
839 1754 945 1828 potest,
960 1766 1026 1806 cum
1038 1767 1096 1806 uno
1111 1748 1162 1807 illo
1177 1748 1240 1808 loco
1252 1749 1303 1806 ubi
1317 1749 1365 1807 in-

231 1851 358 1928 venitur,
371 1849 437 1911 Pol.
449 1843 541 1912 1289.
551 1870 577 1911 ε.
587 1846 637 1922 24,
653 1847 724 1928 quid
734 1847 892 1927 legendum
905 1850 1012 1908 sitnon
1025 1858 1148 1912 constet.
1171 1850 1273 1911 Verba
1283 1853 1364 1910 enim

106 1943 113 1950 ⁶
229 1953 304 2012 haec
327 1961 410 2011 sunt:
442 1943 480 2008 οό
502 1944 564 2030 γοίρ
591 1944 697 2009 οἷόντε
722 1943 797 2020 τοὺς
810 1942 943 2028 ,αότοός
962 1945 1079 2031 νόμους
1097 1947 1264 2032 συμφέρειν
1285 1961 1362 2024 ταῖς

229 2047 421 2134 ὀλιγαρχίαις
452 2046 524 2110 odel
548 2059 622 2124 ταῖς
651 2049 876 2132 δημοκρατίαις
898 2045 1036 2130 ποίσαις,
1067 2048 1151 2136 ε’ίπερ
1173 2047 1211 2123 δὴ
1234 2053 1363 2125 πλείους

227 2155 281 2217 καὶ
305 2150 344 2236 μὴ
365 2153 420 2236 μία
450 2152 648 2236 δημοκρατία
678 2151 752 2236 μηδὲ
781 2147 952 2235 ὀλιγαρχία
984 2150 1081 2234 μόνον
1111 2153 1215 2232 ἐστίν,
1253 2157 1363 2217 sedin

228 2259 425 2341 compluribus
446 2257 596 2319 codicibus
629 2259 680 2333 (cf.
705 2259 803 2322 Stslrr.
826 2258 873 2327 ad.
896 2259 925 2321 h.
950 2259 983 2336 l.)
1006 2256 1104 2316 πλείω
1127 2260 1245 2336 legitur,
1277 2259 1360 2338 quod

227 2385 265 2444 ex
288 2357 412 2431 πλείους
436 2360 582 2440 quomodo
604 2359 749 2441 corrumpi
772 2362 902 2442 potuerit
924 2381 990 2420 cum
1011 2349 1070 2420 non
1094 2371 1245 2441 appareat,
1267 2355 1360 2421 Stab-

131 2527 135 2534 ,
228 2468 289 2527 rius
311 2465 480 2546 proposuit:
503 2457 591 2543 είπερ
607 2457 670 2533 sidu
692 2461 799 2534 πλείω,
829 2484 907 2544 quae
931 2465 1101 2543 conjectura
1123 2464 1271 2524 simillimo
1293 2464 1361 2524 loco

229 2567 371 2632 12851.
397 2565 436 2628 13
472 2565 689 2646 quodammodo
722 2567 924 2626 confirmatur:
968 2561 1040 2646 ἡμῖν
1073 2562 1106 2624 δὲ
1136 2571 1268 2648 πρῶτον
1304 2563 1361 2646 μὲν

228 2663 399 2752 διαιρετέον
431 2660 533 2726 πόσαι
566 2665 720 2749 διαφοραί
755 2674 824 2726 τῶν
850 2660 1033 2744 πολιτειῶν,
1070 2663 1154 2748 ε’ίπερ
1183 2670 1272 2726 ἔστιν
1294 2663 1386 2742 s't'du⁴

217 2771 362 2834 Ιπλείονα
383 2777 439 2842 τῆς
464 2790 501 2828 τε
523 2767 735 2851 δημοκρατίας
756 2767 811 2847 καὶ
832 2775 887 2842 τῆς
910 2761 1100 2852 ὀλιγαρχίας.
1144 2773 1181 2832 In
1204 2771 1358 2852 Theophr.

229 2879 329 2940 histor.
350 2875 442 2957 plant.
466 2868 550 2953 είπερ
571 2865 610 2942 δή
627 2873 779 2933 invenitur
801 2874 854 2938 Vl.
879 2874 916 2938 6.‘
934 2873 963 2938 3.
1008 2873 1090 2933 Idem
1112 2873 1191 2954 quod
1214 2873 1252 2934 ds
1274 2872 1300 2930 εί
1320 2866 1360 2943 δή

227 2979 309 3040 valet
326 2979 365 3039 dc
387 2973 452 3036 ἐπεὶ
474 2968 523 3052 δή,
558 2976 638 3057 quod
656 2971 806 3036 nonnullis
829 2975 901 3035 locis
923 2977 1086 3036 rectissime
1107 2995 1160 3056 pro
1183 2967 1285 3045 ἐπειδή
1308 2976 1360 3036 vel

103 3067 110 3084 '
229 3081 295 3141 ἐπεὶ
317 3076 394 3160 w)
416 3081 661 3140 restitutumeat:
703 3080 813 3138 Paucis
827 3078 899 3138 locis
922 3069 960 3148 δή
980 3086 1049 3158 post
1070 3074 1109 3148 ω”ς
1130 3087 1275 3158 sequente
1290 3097 1359 3160 par·

227 3187 327 3266 ticipjo
353 3181 520 3259 adhibetur,
543 3203 571 3246 v.
596 3171 709 3244 Poetic.
733 3178 825 3244 1455.
850 3201 877 3243 a.
902 3177 942 3243 15
976 3173 1028 3264 (cf.
1052 3181 1180 3244 Vahlen.
1204 3179 1357 3258 Sitzungs-

229 3288 359 3349 berichte
381 3285 434 3344 der
448 3285 488 3348 Κ.
498 3284 544 3346 K.
565 3283 743 3344 Aksdemis.
765 3278 961 3348 Philost-lrist.
985 3284 1090 3344 Olasas
1110 3283 1167 3370 vol.
1182 3280 1234 3345 38.
1259 3305 1287 3362 p.
1304 3280 1356 3360 73,

229 3392 313 3468 cujus
332 3390 530 3468 conjecturam
556 3386 752 3447 Susemihlius
774 3383 909 3466 recepit),
930 3386 1027 3449 Ethic.
1054 3385 1146 3450 1163.
1171 3405 1198 3446 a.
1220 3384 1249 3449 3.
1272 3368 1278 3378 ¹

311 3492 360 3560 Er
395 3491 432 3549 iis
470 3509 549 3570 quae
589 3489 674 3548 attuli
699 3489 847 3564 ,omnibus
890 3490 952 3548 fere
995 3489 1068 3548 locis
1110 3487 1286 3567 particulam
1318 3478 1357 3556 dri
1419 3535 1424 3542 .

226 3591 367 3674 explicari
402 3611 490 3671 posse
518 3603 699 3672 quamquam
723 3591 849 3665 confido,
886 3591 1040 3675 nonupllos
1058 3599 1159 3650 taram
1184 3590 1266 3649 locos
1290 3609 1357 3650 sese

141 3695 143 3698 ’
223 3718 282 3758 non
294 3703 304 3729 .-
314 3698 434 3776 ignarus
468 3713 549 3768 sum,
587 3694 639 3774 qui
675 3695 717 3753 ita
753 3712 772 3752 a
803 3695 920 3772 vulgari
957 3693 1126 3770 Aristotelis
1161 3691 1278 3754 dicendi
1301 3711 1357 3752 usn

224 3800 416 3872 dissentiant,
454 3806 488 3857 nt
524 3797 651 3857 dubitari
691 3797 801 3877 possit,
841 3805 938 3856 utrum
980 3797 1171 3876 philosophus
1212 3797 1283 3874 ipse.
1314 3797 1357 3854 ita

197 3932 199 3936 ·
226 3903 375 3984 scripserit
411 3917 449 3960 an
494 3898 681 3960 librariorum
714 3898 803 3977 culpa
839 3889 979 3960 menduru
1019 3901 1172 3960 exortum'
1202 3899 1248 3960 sit.
1308 3897 1354 3962 Of.

228 4051 430 4082 ,.-.......L-

174 4193 177 4198 -
218 4175 226 4229 J
291 4155 314 4223 *)
333 4157 371 4207 Ut
387 4169 468 4207 unum
491 4153 638 4220 exemplum
656 4151 763 4204 afferam
782 4152 1356 4231 ctMstaph.1026.b.2‚ubiBonittius

223 4246 370 4295 rectissime
387 4237 442 4292 tro
460 4231 494 4304 δή
512 4238 636 4303 restituit,
654 4254 712 4289 cum
726 4240 752 4288 in
767 4239 899 4305 plerisque
917 4237 1052 4290 codicibus
1074 4235 1127 4290 ἐπεὶ
1146 4230 1176 4290 δι’
1192 4237 1307 4304 legatur,
1326 4239 1354 4288 in

223 4331 269 4390 ΕΤ
287 4321 382 4391 ἐπειδή,
404 4325 473 4395 apud
494 4325 569 4376 Alex:
588 4311 753 4406 ὀπιιδὴοὗν.
1134 4310 1135 4316 ’
1235 4325 1237 4332 “
