2870 5076
708 427 917 493 ..93-
1423 383 1424 478 l

1423 481 1424 524 l

227 599 402 688 Zwiespalt
424 597 483 666 mit
506 597 564 664 der
586 599 694 685 Welt3
724 599 810 664 donn
834 599 892 666 dae
915 601 1069 686 gdttliche
1091 601 1234 668 Denken
1254 601 1294 666 ist
1313 599 1373 666 lein

226 711 409 798 bedingtes,
433 707 572 775 sondern
597 709 648 776 ein
671 710 938 798 schdpferisches‚
961 713 992 778 in
1020 711 1094 779 dem
1111 710 1224 795 Sinna,
1247 711 1315 778 dass
1335 711 1376 776 da·
1423 713 1424 800 l

227 821 328 887 durch
357 821 446 888 nieht
475 820 563 886 bloss
594 820 645 885 die
673 819 787 903 Porm,
817 823 957 888 sondern
986 825 1069 888 auch
1099 821 1159 889 das
1181 821 1303 889 Wesen
1330 823 1375 886 des

227 930 477 1016 Gegenstandes
500 932 685 1018 mitgesetzt
709 931 798 996 wird.
837 933 955 999 Gottes
971 932 1111 999 Denken
1126 931 1168 997 ist
1183 932 1235 998 ein
1258 932 1375 1012 solohcs,
1423 965 1424 1018 t

227 1039 285 1106 das
309 1039 372 1106 den
395 1040 607 1128 Gegenstond
630 1041 711 1108 anch
736 1041 808 1107 dem
832 1041 936 1109 Stolle
965 1045 1048 1108 nach
1078 1065 1135 1108 aus
1156 1043 1226 1108 sich
1249 1043 1375 1129 sohdplt;

227 1149 345 1216 Gottes
368 1152 507 1217 Denken
530 1151 572 1218 ist
594 1176 669 1219 vom
694 1153 928 1240 Gegenstande
949 1153 1040 1218 nicht
1061 1163 1228 1240 getrennt‚
1252 1155 1310 1220 wie
1330 1153 1375 1218 das

226 1261 453 1344 menschliche,
477 1261 616 1328 sondern
639 1287 673 1330 es
696 1264 738 1328 ist
761 1262 818 1328 der
834 1261 1047 1349 Gegenstand
1063 1264 1164 1330 selbst
1182 1264 1265 1330 nach
1281 1264 1375 1330 Seiron
1423 1303 1424 1308 κ

227 1371 332 1438 selues
354 1371 487 1438 Inhalts.
526 1373 595 1438 Das
617 1372 836 1439 menschliohe
854 1374 994 1439 Denken
1017 1373 1059 1438 iet
1079 1384 1159 1440 stete
1183 1397 1224 1440 an
1248 1373 1308 1438 den
1326 1371 1377 1438 Ge
1423 1405 1424 1500 g

227 1481 387 1569 genstand
410 1483 594 1570 gebunden‚
619 1481 680 1550 den
705 1505 738 1549 es
762 1483 872 1566 dealt,
898 1505 931 1548 es
954 1484 996 1548 ist
1017 1484 1159 1550 insolern
1177 1483 1320 1572 bedingt,
1340 1483 1376 1547 als

227 1615 261 1658 ee
291 1592 352 1659 den
381 1593 597 1681 Gegenstand
625 1593 715 1660 nicht
747 1595 894 1682 augleich
928 1594 1066 1660 stolllich
1096 1617 1258 1682 erneugen
1289 1596 1376 1672 ¹leison,

226 1702 366 1770 sondern
390 1727 452 1769 nur
474 1704 521 1769 als
544 1705 733 1792 gegebeneo
757 1730 796 1772 nu
821 1704 1015 1770 entwickeln
1045 1705 1111 1772 und
1133 1704 1375 1771 nachnudenkcn

226 1813 270 1879 im
295 1811 419 1882 Stande
440 1814 501 1880 ist“
514 1813 551 1901 ¹).

312 1923 436 1990 Contra
459 1947 555 2012 quam
579 1925 770 1992 sententiam
793 1927 870 1992 satis
894 1937 943 1994 est
955 1949 1135 2016 provocare
1149 1926 1192 1992 ad
1207 1927 1305 2015 Phys.
1318 1925 1341 2006 1,
1351 1923 1376 1988 9.

229 2035 290 2100 192
308 2036 394 2119 aee,
421 2034 477 2102 ubi
500 2035 692 2102 Aristoteles
716 2037 884 2103 materiam
908 2059 1017 2127 neque
1038 2037 1108 2102 fieri
1130 2059 1237 2126 neque
1259 2036 1377 2102 interire

226 2167 323 2233 posse
354 2145 567 2232 comprobare
599 2145 714 2212 studet.
760 2148 876 2235 Itaque
906 2147 995 2213 nullo
1022 2148 1117 2214 modo
1149 2147 1229 2214 illud
1256 2146 1378 2236 philoso·
1423 2187 1424 2234 l

225 2258 321 2345 phiae
354 2256 559 2324 Christianae
593 2257 764 2344 placitum:
798 2260 968 2325 materiam
1002 2283 1021 2326 a
1053 2258 1250 2346 cogitatione
1282 2255 1377 2324 divina
1423 2235 1424 2256 ¹

226 2368 406 2456 profectam
430 2387 509 2452 esse,
532 2367 565 2432 in
587 2367 743 2433 rationem
760 2368 991 2436 Aristotelsam
1015 2369 1176 2436 convenit.
1215 2369 1377 2436 Praetereo

227 2479 430 2564 cogitationis
454 2475 650 2564 cogitationi,
675 2501 748 2544 cum
771 2479 868 2545 etiam
889 2480 922 2545 in
945 2481 1145 2548 intellectum
1168 2480 1262 2546 cadat
1283 2480 1378 2544 huma·

151 2602 155 2608 '
226 2613 316 2672 num,
338 2613 403 2655 non
426 2589 502 2654 licet
524 2587 666 2654 tribuere
688 2589 755 2655 vim
778 2611 859 2675 eam,
882 2601 919 2656 ut
940 2603 1088 2678 procreet
1110 2613 1163 2657 res
1186 2599 1357 2660 eoncretas.

311 2701 505 2788 Priusquam
528 2699 753 2787 disputationis
777 2701 873 2768 finem
901 2701 1051 2784 lecimus,
1082 2725 1182 2768 unum
1205 2711 1255 2770 est
1275 2699 1378 2768 adden·

228 2811 314 2877 dum.
344 2810 381 2878 Si
397 2833 476 2876 vera
491 2821 566 2875 sunt
582 2832 665 2898 quae
681 2810 721 2877 de
738 2811 798 2878 deo
814 2812 1010 2878 Aristoteleo
1027 2813 1245 2900 exposuimus,
1268 2829 1379 2877 somma

226 2922 414 2988 Platonicae
430 2931 462 2986 et
479 2921 694 2987 Aristoteleae
710 2922 874 2998 doctrinae
894 2924 1026 3010 fastigia
1047 2923 1131 2988 inter
1147 2945 1181 2990 sc
1196 2927 1377 3009 congruunt.

227 3032 356 3098 Etenim
386 3031 471 3120 apud
495 3032 664 3100 Platonem
694 3032 772 3098 deus
799 3033 943 3100 intuetur
969 3034 1127 3100 mundum
1149 3031 1377 3121 intellegibilem

226 3155 258 3210 et
287 3165 370 3231 quae
398 3143 491 3209 ideae
520 3167 570 3210 eo
589 3143 803 3228 continentur,
835 3155 866 3210 et
895 3145 934 3210 ad
963 3145 1024 3211 hoo
1047 3147 1214 3232 exemplar
1236 3142 1378 3211 mundum

228 3253 413 3320 sensibilem
447 3255 560 3339 efficit3
594 3263 690 3342 atque
722 3255 808 3342 epud
842 3255 1052 3322 Aristotelem
1085 3255 1164 3322 deus
1197 3260 1314 3322 formas
1346 3271 1378 3313 ac

227 3364 424 3434 substantias
448 3364 568 3451 cogitat
597 3388 717 3454 easque
740 3365 881 3432 motione
904 3365 1036 3432 adducit
1059 3365 1099 3430 ad
1122 3367 1283 3432 effectum.
1326 3363 1380 3428 Ila·
1423 3401 1424 3437 l

228 3502 291 3566 que
314 3477 341 3543 si
363 3453 452 3542 ideas
474 3485 626 3564 putamus
650 3500 721 3542 esse
745 3476 957 3564 cogitationes
989 3476 1129 3542 num-inis
1158 3477 1273 3560 divini,
1295 3473 1378 3541 Plato

226 3601 259 3654 et
281 3588 472 3654 Aristoteles
494 3609 531 3653 re
551 3590 636 3654 inter
658 3611 692 3654 se
714 3612 779 3654 non
803 3587 964 3652 differunt.
993 3569 1048 3653 'Es
1071 3597 1178 3654 tamen
1202 3569 1378 3655 Arietoteles

227 3702 348 3790 ubique
371 3697 539 3764 occasione
563 3699 671 3765 oblata
694 3701 864 3788 impugnet
886 3697 1029 3764 idearum
1046 3697 1236 3765 doctrinam.
1274 3698 1379 3765 Nonne

226 3812 326 3900 igitur
353 3811 393 3875 ab
423 3810 483 3875 hac
511 3818 603 3897 parte
631 3809 806 3876 admodum
836 3809 963 3874 laborat
990 3810 1148 3876 sententia
1170 3808 1301 3876 nostra?
1340 3805 1379 3867 At
1423 3825 1424 3890 l

225 3935 293 3990 tum
319 3912 448 3987 demum
472 3920 564 3988 Plato
588 3930 621 3986 et
641 3921 834 3986 Aristoteles
857 3921 941 3985 inter
964 3941 999 3985 se
1023 3921 1229 4005 conveniunt,
1252 3921 1278 3985 si
1299 3917 1378 3982 ideas
1423 3987 1424 3990 Ἴ

226 4035 380 4101 sumimus
415 4055 486 4097 esse
521 4031 733 4118 cogitationes
769 4031 829 4096 dei.
875 4030 940 4098 Sed
973 4033 999 4098 ei
1032 4055 1115 4120 quae
1146 4033 1187 4098 ab
1216 4024 1377 4097 Aristotele
1423 4051 1424 4065 ¹

227 4154 339 4212 contre
368 4144 458 4210 ideas
487 4152 658 4209 monentur
685 4141 889 4230 respicimus,
918 4141 1125 4208 Aristotelem
1154 4141 1238 4226 hano
1266 4149 1379 4206 senten·
1423 4179 1424 4190 i

229 4312 429 4326 *υ--ῠ

300 4407 317 4472 ¹)
337 4407 416 4473 Kym.
445 4409 496 4460 Die
521 4405 686 4461 Gotteslehre
710 4404 755 4457 des
777 4405 934 4458 Aristoteles
960 4405 1014 4456 und
1039 4403 1086 4456 des
1105 4403 1311 4458 Christentlrum.
1341 4395 1376 4448 Cf·

225 4500 342 4567 p,19sq.
