2934 5076
636 495 677 560 93

142 681 186 730 ex
208 663 288 746 ipsis
310 661 475 730 Ciceronis
496 663 604 732 verbis
627 665 707 730 satis
729 682 886 747 apparere
907 663 1043 730 videtur.
1088 665 1171 730 Nam

140 787 184 832 cx
205 771 275 832 toto
296 764 368 832 loco
389 767 595 851 perspicuum
617 773 682 848 est,
715 767 750 832 id
782 789 853 833 esse
881 770 1047 852 proprium
1077 768 1171 854 hujus

141 868 324 935 Aristotelii
358 871 475 951 moris,
511 871 598 956 quod
633 871 744 938 Cicero
777 873 811 938 in
840 872 933 940 libris
967 874 1008 939 de
1037 875 1171 940 Finibus

141 975 214 1058 ipse
235 980 346 1060 partes
368 973 517 1058 colloquii
538 975 673 1058 habeat,
696 975 784 1061 quod
805 979 839 1042 in
860 977 952 1044 libris
973 979 1015 1044 de
1031 978 1170 1044 Oratore

139 1085 257 1144 contra
290 1078 486 1144 instituerat.
540 1079 649 1158 Quare
678 1080 761 1147 alter
789 1081 884 1146 alteri
913 1081 984 1148 loco
1013 1087 1172 1166 repugnat

141 1187 178 1246 et
201 1182 382 1247 contrarius
405 1184 533 1268 θεῖ’-’09)
588 1185 636 1248 Ac
656 1185 760 1268 primo
790 1184 918 1268 quidem
948 1185 1104 1270 adspectu
1133 1207 1173 1252 ex

141 1293 257 1352 nostro
280 1284 351 1350 loco
376 1285 526 1370 conjicias
540 1287 750 1354 Aristotelem
770 1289 805 1353 in
821 1291 886 1355 suis
903 1289 1038 1376 dialogis
1060 1296 1174 1375 partes

140 1389 208 1456 sibi
227 1389 385 1455 sermonis
407 1391 559 1456 sumsisse
580 1395 614 1456 et
636 1412 654 1456 e
675 1411 735 1456 sua
756 1392 864 1474 ipsum
874 1415 1016 1476 persona
1029 1394 1172 1460 locutum
1209 1377 1212 1384 ’

143 1515 227 1560 esse.
274 1493 338 1560 o'cd
360 1495 388 1560 si
409 1515 478 1560 rem
493 1494 678 1580 diligentius
692 1497 953 1579 consideraveris,
976 1499 1057 1565 adeo
1071 1500 1173 1566 multe

145 1605 340 1686 argumenta
362 1622 432 1668 esse
453 1601 630 1684 repereris,
660 1621 744 1684 quae
774 1623 833 1668 nos
854 1603 903 1668 ita
931 1610 1075 1670 statuere
1099 1627 1172 1689 pro·

144 1705 295 1786 hibeant,
336 1710 373 1770 ut
405 1704 503 1770 aliam
533 1705 606 1770 istis
636 1702 801 1772 Ciceronis
840 1707 946 1774 verbis
979 1709 1173 1774 sententiam

147 1809 281 1876 subesse
311 1810 484 1893 suspicere.
540 1807 676 1892 Scripsit
706 1810 835 1892 quidem
864 1811 1056 1878 Aristoteles
1084 1812 1173 1879 haud

146 1915 246 1982 dubie
269 1915 428 2000 dialogos,
456 1913 491 1979 id
513 1914 600 1997 quod
620 1914 762 1998 produnt
792 1921 825 1982 et
853 1915 1032 2001 fragmenta
1061 1939 1173 1984 eorum

147 2019 201 2086 bic
220 2020 289 2086 illic
310 2020 398 2104 apud
431 2019 603 2103 scriptores
637 2025 766 2086 servata
792 2026 826 2087 et
853 2021 1001 2104 inprimis
1027 2027 1172 2088 veterum

147 2128 216 2210 ejus
237 2125 452 2207 interpretum
473 2124 670 2204 testimonia,
693 2123 901 2190 Aristotelem
922 2130 1032 2192 tamen
1052 2127 1173 2194 inistis

151 2227 286 2312 dialogis
308 2249 374 2294 non
395 2229 501 2312 ipsum
523 2227 758 2312 colloquentem
779 2229 932 2313 prodiise‚
955 2251 995 2295 ex
1015 2231 1065 2313 iis,
1089 2251 1172 2314 quae

148 2354 249 2417 supra
280 2331 601 2416 disputavimus²¹⁰),
633 2331 739 2415 colligi
768 2353 862 2416 posse
894 2333 1031 2400 ridetur.
1087 2334 1173 2413 Quid

148 2438 248 2521 ergo?
270 2457 375 2502 nonne
391 2439 460 2520 jam
480 2433 650 2520 probabile
671 2435 725 2517 fit,
758 2434 957 2518 Ciceronem,
991 2459 1091 2522 quum
1113 2437 1173 2504 hcc

148 2541 218 2608 loco
241 2539 422 2606 Aristotelii
452 2540 552 2604 moris
581 2540 776 2606 mentionem
804 2541 919 2622 faciat,
948 2540 1174 2606 declarandis

149 2648 325 2710 Aristotelis
347 2648 481 2726 dialogis
502 2665 544 2709 ne
566 2644 725 2727 cogitasse
747 2645 901 2730 quidem?
929 2645 975 2711 Ut
997 2647 1080 2712 enim
1102 2667 1171 2729 nos,

148 2749 176 2814 si
198 2748 238 2812 de
260 2749 350 2814 vario
383 2747 518 2813 docendi
539 2747 729 2832 dicendique
758 2769 847 2814 more
869 2749 1015 2816 Platonis
1038 2755 1078 2829 ‚et
1101 2751 1173 2815 Ari·

149 2852 274 2920 stotebs
297 2874 401 2918 sermo
429 2859 530 2932 esset,
559 2853 782 2918 Aristoteliam
808 2874 930 2920 morem
961 2853 1073 2918 statim
1101 2873 1174 2918 eum

148 2957 323 3041 significari
345 2962 542 3041 putaremus,
565 2976 630 3040 quo
652 2957 792 3041 scriptor
812 2957 883 3042 ipse
899 2977 939 3022 ex
960 2977 1021 3022 sua
1035 2977 1174 3040 persona

148 3060 351 3144 loqueretur,
389 3059 535 3126 Platonis
575 3065 706 3141 contra,
746 3082 845 3145 quum
881 3061 942 3126 hoc
970 3063 1173 3145 potissimum

149 3165 337 3232 Aristotelis
367 3167 534 3249 proprium
568 3171 667 3246 esset,
701 3171 738 3230 ut
769 3166 839 3250 ipse
868 3166 1003 3250 loquens
1033 3167 1173 3246 doceret,

150 3271 198 3336 sic
219 3293 284 3336 non
305 3269 399 3334 facile
421 3270 553 3351 rideris,
578 3270 656 3352 quid
678 3271 739 3352 sit,
762 3272 849 3354 quod
872 3272 912 3337 de
934 3292 973 3338 ea
993 3292 1029 3338 re
1052 3277 1174 3336 veteres

149 3373 244 3440 aliter
267 3373 436 3440 senserint.
481 3374 532 3439 An
553 3373 627 3442 ideo
650 3372 745 3440 aliter
766 3375 969 3456 statuebant,
993 3376 1081 3459 quod
1102 3376 1183 3442 An'u

150 3478 276 3544 stotelis
303 3476 447 3560 dialogos
481 3477 636 3561 quosdam
664 3476 845 3560 habebant,
878 3481 1032 3566 temporis
1058 3480 1175 3564 iniqui-

221 3678 290 3748 tos)
307 3681 358 3730 Hoc
374 3697 453 3733 verum
471 3699 531 3746 esse,
549 3685 644 3736 alterum
664 3687 738 3738 locum
756 3689 820 3740 alteri
844 3703 971 3754 repugnare
996 3696 1019 3738 et
1038 3689 1175 3738 mouerirm

151 3783 217 3830 esse,
235 3770 267 3819 sic
285 3772 383 3821 breviter
401 3775 539 3838 perspicias:
563 3777 704 3826 tnstotetius
728 3794 779 3830 roos
797 3787 846 3840 est,
878 3795 950 3843 quum
974 3780 1071 3842 scriptor
1094 3779 1176 3842 dialogi

151 3871 179 3907 es
195 3873 237 3907 sur
254 3874 351 3923 persona
370 3861 469 3926 loquitur
486 3872 510 3914 et
528 3864 677 3930 principatum
700 3874 771 3918 tenet.
808 3868 875 3933 Atqui
899 3869 923 3918 in
947 3867 1011 3920 libris
1034 3869 1063 3918 de
1081 3869 1176 3918 Oratore

151 3947 248 4011 sciptor
265 3949 345 4012 dialogi
364 3966 406 4000 nec
423 3952 472 4016 ipse
490 3953 591 4017 loquitor
610 3969 653 4004 occ
670 3955 820 4020 principatum
840 3965 911 4008 tenet.
948 3957 1007 4020 &go
1025 3972 1072 4006 uon
1098 3957 1174 4008 estio

152 4035 182 4085 'is
195 4037 335 4089 Aristotelia
352 4055 412 4090 mos.
447 4043 475 4092 lt
493 4057 546 4093 tero
565 4043 691 4094 Aristotelio
709 4057 773 4098 nore
799 4047 876 4112 scripti
900 4054 962 4096 suut.
1004 4045 1126 4109 Sequitur,
1151 4053 1177 4098 ot

153 4125 177 4174 ia
195 4127 272 4176 udam
290 4143 315 4178 re
333 4129 391 4178 alter
408 4131 471 4180 lours
489 4132 555 4182 alteri
571 4141 682 4197 repugnet
695 4143 718 4184 et
734 4138 859 4186 cerbanos
871 4137 908 4186 sit.
1012 4132 1079 4200 21⁰)
1095 4148 1118 4198 p·
1133 4133 1176 4194 ὅθι

155 4213 206 4262 Μ
226 4214 276 4266 127
295 4225 317 4266 st
339 4215 398 4268 128.
