2966 5072
782 465 834 535 '16

305 651 337 709 et
359 645 553 728 siccitatem,
584 666 667 730 quac
688 669 786 731 saepe
818 649 966 716 comitari
994 646 1101 714 solent
1123 650 1334 716 tractationes

303 749 346 813 ad
376 750 541 816 scientiam
569 749 712 834 aliquam
745 757 801 818 aut
822 758 926 818 artem
949 757 1130 835 spectantes
1153 759 1186 818 et
1216 775 1335 820 sermo·

304 872 377 918 nem
406 854 500 918 nimis
530 859 660 920 tenuem
686 855 834 922 reddunt.
880 855 973 933 Quod
1001 877 1041 924 na
1068 857 1139 922 liat.
1173 857 1336 924 interdum

304 956 468 1040 paulisper
484 979 505 1022 a
520 956 690 1024 severitate
703 958 959 1052 adhilaritatem
968 927 1144 1044 locumque
1169 961 1339 1026 traducere

303 1065 412 1143 potest
426 1063 485 1146 ³²),
508 1083 743 1148 nonnumquam
761 1085 783 1128 a
802 1063 936 1130 definita
958 1063 1177 1148 disputatione
1192 1066 1235 1130 ad
1249 1086 1335 1142 com,

303 1185 430 1230 munem
445 1168 666 1249 quaestionem
681 1170 822 1236 universi
837 1170 962 1252 generis
984 1171 1167 1234 transire³³
1181 1171 1204 1253 ).
1244 1169 1333 1238 Haeo

304 1270 412 1336 omnia
445 1271 479 1336 in
500 1271 735 1356 disputatione,
770 1294 853 1356 quae
885 1273 1010 1339 ratione
1040 1279 1073 1338 et
1094 1275 1147 1341 via
1175 1281 1334 1358 perpetua

304 1375 451 1441 oratione
490 1377 690 1456 instituitur,
724 1397 790 1442 non
826 1375 999 1442 admodum
1032 1375 1173 1460 probata
1207 1377 1335 1461 dialogo

303 1485 413 1544 tamen
436 1481 556 1564 optimo
575 1483 649 1565 juro
671 1479 805 1548 concedi
826 1500 922 1563 posse
943 1501 1045 1548 nemo¹
1066 1481 1129 1560 erit
1151 1483 1207 1564 qui
1227 1488 1332 1566 neget.

303 1585 411 1666 Atque
432 1583 519 1672 haud
546 1585 611 1652 scio
634 1594 693 1666 an,
724 1591 762 1653 ut
783 1587 882 1653 etiam
903 1585 1070 1652 insolentis
1100 1586 1263 1652 interdum
1284 1594 1334 1654 est

303 1695 337 1754 et
360 1690 508 1772 superbi,
539 1710 597 1772 per
620 1711 654 1754 se
677 1690 785 1756 omnia
807 1710 952 1773 quaeque
975 1690 1077 1756 altero
1100 1712 1165 1756 non
1188 1691 1333 1758 adhibito

304 1795 496 1862 contendero
530 1801 564 1860 et
593 1781 759 1866 affirmare
787 1795 884 1876 velle,
919 1815 1002 1879 quae
1037 1795 1090 1862 ille
1122 1795 1251 1876 credat,
1288 1796 1335 1862 sic

303 1898 443 1964 modesti
472 1918 510 1964 ao
533 1899 703 1964 verecundi
733 1900 792 1979 sit,
824 1900 962 1968 alterum
984 1901 1150 1968 consulere
1180 1921 1278 1984 saepe
1300 1906 1334 1966 et

304 2003 416 2068 audire
444 2007 579 2088 ejusque
610 2005 788 2069 sententiae
821 2004 943 2086 aliquid
971 2004 1129 2084 tribuere,
1163 2009 1217 2085 ut,
1248 2005 1334 2088 quod

304 2108 348 2172 sit
369 2107 555 2174 disserendo
578 2107 757 2190 cognitum,
784 2107 877 2188 quasi
898 2126 1065 2174 commune
1088 2109 1256 2190 utriusque
1277 2129 1334 2190 ap-

303 2217 418 2294 pareat
441 2211 626 2295 speciesque
655 2212 863 2293 arrogantiao
884 2211 1013 2276 vitetur.
1070 2210 1123 2276 Sic
1145 2212 1213 2276 sine
1236 2211 1333 2278 dubio

254 2371 260 2381 .
303 2315 406 2382 multa
429 2321 512 2396 sunt,
535 2314 652 2398 quibus
666 2320 833 2398 praestare
856 2314 1016 2398 dialogum
1036 2320 1211 2397 perpetuae
1226 2313 1333 2397 dispu-

303 2419 420 2485 tationi
448 2419 556 2484 dicere
588 2419 703 2502 possis.
757 2417 800 2484 Et
830 2418 880 2484 his
903 2417 1023 2501 dialogi
1053 2417 1333 2484 commoditatibus

305 2523 471 2588 Platonem
508 2542 739 2605 saepenumero
768 2543 860 2588 usum
896 2542 967 2588 esse
997 2541 1061 2586 non
1090 2520 1239 2604 negabit,
1277 2522 1334 2604 qui

304 2627 539 2711 aliquantidum
568 2630 636 2712 ejus
659 2626 803 2710 dialogos
826 2625 962 2692 triverit.
1013 2623 1058 2690 Ut
1081 2629 1188 2690 autem
1220 2644 1240 2688 a
1260 2623 1333 2690 Pla-

304 2740 381 2798 tone
403 2732 565 2815 dialogum
586 2731 654 2798 fere
675 2749 835 2815 nusquam
855 2749 920 2796 non
942 2728 1089 2796 adhiberi
1111 2727 1265 2807 videmus,
1288 2729 1334 2794 sio

305 2821 584 2928 etiamyo'redimus
605 2857 664 2904 nos
688 2837 730 2903 ab
753 2856 791 2901 eo
813 2854 1007 2918 cognoscere
1029 2853 1135 2916 posse,
1158 2832 1335 2915 quibusda

305 2943 412 3008 causis
440 2963 511 3006 oum
541 2942 706 3025 perpetuis
742 2937 943 3006 orationibus
974 2937 1174 3020 praetulerit.
1229 2939 1335 3022 Atque

305 3049 410 3131 aperit
439 3047 520 3112 talia
549 3067 647 3130 quum
669 3043 748 3110 alibi
763 3045 829 3126 ³4),
858 3047 928 3108 tum
950 3061 1026 3108 vero
1059 3041 1093 3108 in
1117 3043 1257 3107 Phaedro
1273 3043 1332 3128 ⁸5),

307 3209 479 3218 ffl---u

361 3275 409 3344 32)
427 3278 469 3326 cir.
480 3275 546 3328 Par.
562 3277 636 3345 ηενρ.
651 3269 771 3341 l'pc338,
791 3276 816 3326 c.
828 3289 864 3338 sq.
938 3273 986 3341 3³)
1004 3274 1047 3322 clr.
1058 3272 1120 3322 idid.
1135 3273 1163 3334 11,
1182 3288 1206 3338 p.
1219 3273 1270 3326 357
1284 3289 1335 3342 sqq.

307 3363 355 3433 34)
372 3367 414 3416 ed.
435 3365 535 3434 Protcg.
555 3381 578 3430 p.
598 3365 665 3427 334,
691 3367 719 3418 Ι).
737 3381 772 3428 sq.
792 3365 832 3416 m.
857 3363 914 3414 ibid.
940 3378 964 3427 p.
984 3361 1050 3424 348,
1069 3363 1097 3412 Ι).
1137 3363 1211 3432 Gorg.
1231 3379 1255 3429 p.
1275 3364 1337 3422 449,

307 3455 333 3504 B.
352 3470 388 3519 sq.
425 3453 535 3508 Ptoou.
553 3471 577 3521 p.
596 3455 658 3516 267,
677 3457 704 3507 Β.
813 3451 861 3520 35)
878 3468 902 3517 p.
921 3451 983 3512 275,
1002 3453 1029 3502 Ι).
1052 3465 1104 3516 sqq.
1141 3453 1167 3503 ln
1186 3453 1223 3504 hie
1242 3455 1335 3520 quidem

307 3544 372 3594 Plato
390 3545 499 3608 scriptam
525 3545 654 3596 orationem
678 3551 743 3595 notat
761 3559 817 3608 praa
835 3559 877 3604 aa,
904 3557 962 3606 quae
987 3556 1028 3590 oro
1047 3542 1158 3616 tradatur.
1201 3543 1248 3592 Sed
1266 3559 1335 3608 quum

307 3633 373 3693 alibi,
398 3641 423 3682 nt
446 3633 470 3682 in
492 3633 632 3703 Protagora
658 3649 682 3698 p.
701 3633 767 3693 329,
790 3633 809 3682 Α
834 3627 966 3700 (καὶγὰρ
993 3629 1017 3680 sl
1032 3627 1084 3699 μέν
1102 3648 1139 3689 τις
1163 3630 1224 3700 nspl
1249 3629 1336 3684 αὐτῶν

306 3720 404 3774 minor
422 3721 573 3792 συγγένοιτο
601 3721 702 3792 ὁτῳοῦν
724 3721 776 3773 τῶν
795 3717 972 3790 δημηγόρων,
995 3715 1050 3788 τάχ’
1077 3716 1112 3769 ἂν
1136 3718 1183 3771 καὶ
1206 3718 1338 3781 τοιούτους

307 3811 406 3882 λόγους
430 3811 568 3865 ἀκούσειεν
591 3811 784 3881 quaponticae
810 3807 927 3874 ἢᾶλλοο
954 3804 1024 3867 τινὸς
1046 3806 1097 3857 τῶν
1121 3805 1221 3860 ἱκανῶν
1245 3809 1337 3862 εἰπεῖν·

307 3904 332 3954 el
348 3901 376 3954 δὲ
395 3900 546 3970 suavisono
564 3899 621 3954 πνά
640 3918 677 3963 τι,
700 3896 789 3967 ὥσπερ
808 3899 899 3966 βιβλία
920 3895 998 3950 οὐδὲν
1017 3896 1123 3966 ἔχουσιν
1142 3896 1199 3949 οὔτε
1223 3895 1336 3968 ἀποκρί-

308 3994 409 4043 νασθαι
433 3988 490 4044 odra
509 3989 583 4043 edroi
601 3991 723 4060 ἐρέσθαι,
750 3987 805 4040 ἀλλ’
824 3985 871 4039 ἐάν
888 4003 925 4046 ης
947 3984 995 4038 καὶ
1012 3985 1128 4056 σμικρὸν
1145 3983 1292 4059 ἐπερωτήσῃ
1311 4007 1334 4042 m

308 4079 358 4132 τῶν
376 4078 521 4148 ῥηθέντων,
546 4074 634 4148 ὥσπερ
657 4076 686 4130 sd
702 4078 817 4147 χαλκεῖα
840 4067 974 4146 nbryivm'
991 4074 1099 4144 μακρὸν
1116 4075 1174 4145 ἠχεῖ
1196 4075 1244 4129 καὶ
1261 4076 1334 4131 cinc-

308 4173 397 4231 sstrss,
424 4168 472 4221 ἐὰν
488 4169 526 4240 μὴ
549 4167 702 4237 ἐπιλάβηταί
726 4183 776 4228 τις,
804 4166 849 4218 καὶ
872 4167 898 4218 ol
923 4164 1028 4234 ῥήτορος
1051 4164 1118 4220 οὕτω
1143 4167 1243 4236 σμικρὰ
1266 4171 1332 4238 ιρω.
