2966 5072
821 493 861 554 22

325 652 482 722 eludendo
503 655 578 722 inde
599 657 669 723 erui
690 663 853 742 poterunt.
899 661 943 724 At
959 661 1097 743 quisque
1111 659 1180 725 fere
1195 661 1351 754 concedat

325 779 454 828 necesse
477 767 535 843 est,
558 761 642 826 hanc
662 762 1085 848 Aristotelislphilosophiae
1100 770 1252 830 naturam
1269 782 1350 846 esse,

325 864 382 948 qui
404 885 599 950 quamquam
621 871 672 931 est
692 867 820 952 ingenio
842 867 1030 934 acubssimo
1045 873 1078 933 et
1092 865 1233 934 mirabili
1247 869 1351 934 scien·

326 965 391 1036 tiae
414 970 515 1054 copia,
531 975 647 1036 tamen
661 971 727 1037 fere
740 971 874 1057 ubique,
898 971 1118 1058 quamcunque
1133 971 1202 1038 rem
1219 977 1350 1052 tractat,

327 1072 369 1139 ab
391 1073 431 1138 iis
453 1073 549 1140 rebus
572 1075 801 1160 proficiscitur,
824 1093 908 1162 quae
931 1078 974 1142 ad
996 1077 1227 1160 experientiam
1249 1084 1281 1144 et
1304 1075 1351 1146 di·

319 1177 478 1261 ¹ligentem
497 1178 553 1244 rei¹
568 1184 721 1265 cujusquo
751 1181 1007 1249 obseruationem
1036 1188 1201 1266 tamquam
1223 1183 1264 1249 ad
1287 1185 1350 1250 sin-

327 1283 453 1366 gulares
476 1283 632 1367 quosdam
654 1284 817 1361 hominum
839 1287 1056 1371 cognitionum
1078 1287 1183 1354 fontes
1205 1284 1350 1354 revocari

326 1393 461 1471 possunt
482 1388 620 1472 indeque
642 1390 745 1473 repeti
763 1389 894 1456 debent.
938 1389 1112 1458 Praeterea
1127 1397 1244 1476 quotus
1265 1393 1352 1477 quie·

327 1511 406 1573 que,
430 1509 584 1575 quaeras,
614 1492 729 1575 fuerit,
759 1497 849 1580 cujus
869 1495 1036 1579 permagni
1057 1496 1247 1580 interesset,
1280 1498 1351 1564 Ari·

326 1595 474 1660 stotelem
494 1615 555 1680 per
576 1595 739 1682 dialogum
760 1602 864 1664 totam
886 1598 1028 1683 aliquam
1050 1600 1268 1685 disciplinam,
1299 1620 1351 1668 ve·

325 1699 374 1763 lut
396 1698 604 1782 Rhetoricen,
637 1697 712 1765 inde
742 1701 783 1767 ab
810 1702 903 1768 initio
933 1719 1035 1787 usque
1063 1705 1105 1770 ad
1126 1705 1223 1772 finem
1244 1725 1351 1790 perse·

326 1809 477 1886 quentem
517 1805 610 1890 sequi
648 1807 862 1892 interroganti
901 1810 1171 1892 respondentem?
1234 1805 1351 1887 Quam·

318 1908 439 1996 'obrem'
453 1910 644 1978 Aristoteles
668 1910 773 1976 minus
803 1913 879 1996 apte
900 1913 1263 1998 cujusque'disoipliuae
1284 1919 1351 1978 tra·

326 2015 459 2080 elationi
481 2014 643 2099 dialogum
665 2013 812 2080 adbiberi
833 2017 1015 2100 intelligens
1031 2039 1105 2083 eum
1120 2019 1238 2103 abjecit
1254 2024 1352 2102 atqua

324 2117 359 2182 in
381 2121 449 2203 ejus
470 2115 576 2184 locum
602 2139 661 2202 per
683 2115 852 2184 continuas
882 2117 1044 2186 crationes
1069 2120 1249 2186 disserendi
1278 2142 1353 2187 con·

326 2223 527 2290 suetudinem
556 2222 735 2289 substituit.
790 2217 940 2304 Accedit,
975 2223 1080 2308 quod,
1111 2223 1194 2288 siout
1223 2217 1353 2290 Platoni

328 2327 521 2412 contigerat,
555 2327 723 2394 Aristoteli
754 2327 884 2393 minime
913 2328 960 2393 vis
991 2327 1048 2392 illa
1077 2323 1185 2392 divina
1207 2323 1352 2394 Socratis

319 2431 517 2499 ‘disserentis
538 2436 576 2498 ut
597 2432 668 2498 viva
691 2427 849 2516 quaedam
869 2432 986 2516 imago,
1010 2447 1076 2516 qna
1097 2432 1139 2498 ad
1160 2430 1354 2497 imitanduni

327 2535 526 2616 incitaretur,
549 2541 625 2602 ante
647 2534 755 2601 oculos
774 2536 1016 2603 obversabatur.
1060 2532 1142 2601 Nam
1161 2536 1216 2620 qui
1230 2537 1354 2603 Aristo-

325 2639 422 2704 telem
443 2638 577 2706 Athenis
600 2639 766 2706 Socratem
788 2639 828 2706 de
850 2639 947 2706 rebus
966 2641 1009 2706 ad
1025 2633 1260 2725 philosophiam
1283 2663 1356 2724 per·

188 2829 195 2838 1
327 2743 503 2809 liuentibus
532 2744 744 2810 disserentem
776 2745 937 2811 audiuisse
956 2745 1163 2827 tradiderint,
1198 2745 1356 2810 erravisse

328 2864 382 2912 eos
405 2846 573 2930 probabile
596 2853 659 2928 cst,
693 2867 792 2931 quum
813 2849 949 2914 aliorum
970 2849 1064 2932 longe
1086 2843 1223 2918 certiore
1246 2854 1356 2915 auoto-

214 3001 218 3012 ,
328 2952 426 3018 ritate
455 2957 596 3033 constet,
640 2952 763 3035 aliquot
798 2953 892 3018 annis
925 2957 999 3036 post
1035 2951 1186 3020 Socratis
1217 2960 1355 3024 mortem

329 3056 535 3124 Aristotelem
556 3061 669 3122 natum
691 3055 825 3140 essc⁴⁶).

395 3160 625 3238 Quodantem
652 3158 695 3225 ad
715 3156 864 3242 tempora
894 3159 982 3242 ipsa,
1016 3159 1135 3244 quibus
1164 3161 1356 3230 Aristoteles

331 3264 425 3342 vixit,
450 3263 582 3344 attinet,
613 3284 679 3329 non
699 3262 766 3329 iere
787 3261 851 3328 nisi
873 3261 1047 3347 dedecore,
1077 3267 1236 3350 nequitia,
1258 3267 1354 3348 vitiis,

332 3366 583 3453 eminebantff).
645 3365 806 3432 Pristinus
848 3363 923 3430 illae
968 3365 1164 3435 Graecorum
1209 3372 1355 3452 virtutes,

332 3470 429 3536 animi
451 3470 541 3554 vigor
557 3475 654 3555 atquc
670 3469 839 3550 alacritas,
864 3470 979 3554 agendi
992 3471 1154 3557 sollertia,
1177 3474 1354 3560 frugalitas,

333 3579 389 3640 aut
409 3593 528 3659 magua
547 3594 589 3640 ex
608 3579 705 3660 parte
727 3579 1022 3658 evanueranl,=·aut
1043 3576 1077 3644 in
1100 3578 1168 3654 dies
1190 3599 1355 3653 evanesce·

332 3759 539 3770 ...u—*-

404 3868 453 3938 46)
471 3869 551 3922 Batia
567 3868 598 3921 sd
617 3869 721 3922 Araus.
741 3879 811 3934 ομιι
830 3869 896 3922 Tem.
907 3870 925 3931 l,
936 3882 959 3934 p.
971 3866 1015 3920 δῦ.
1034 3867 1168 3930 schefer,
1186 3867 1356 3920 demosthenes

330 3979 352 4012 ιι.
371 3962 436 4012 scine
453 3961 511 4012 Zeit.
529 3961 570 4022 lll,
589 3959 614 4021 2,
632 3976 656 4025 p.
676 3958 724 4023 39;
743 3961 772 4011 cl.
790 3960 847 4010 thid.
866 3960 906 4020 111,
929 3960 951 4019 1,
971 3973 994 4023 p.
1014 3957 1067 4009 ³29
1084 3973 1107 4006 ιι.
1126 3971 1150 4022 p.
1170 3955 1232 4008 359.
1327 3983 1330 3990 ·

402 4049 451 4118 47)
473 4051 499 4102 C.
519 4049 564 4103 Fr.
584 4049 723 4101 Hermam
735 4049 821 4102 bobii.
840 4049 864 4100 d.
878 4049 966 4111 puch.
977 4046 1096 4098 Stantsall.
1114 4044 1139 4112 ᾗ.
1153 4044 1251 4096 170..-
1262 4046 1352 4110 fijand.

330 4139 488 4204 Cultnrgesch.
508 4140 531 4191 d.
549 4139 642 4192 Grisch.
661 4155 684 4189 ιι.
703 4140 796 4191 Atmer.
839 4139 980 4200 hertusgeg.
1004 4152 1028 4186 v.
1053 4137 1078 4186 C.
1097 4135 1125 4186 (i.
1144 4135 1262 4196 Schmidt,
1294 4137 1357 4188 dett.
1407 4195 1410 4203 .

333 4227 516 4298 1857.§.35.
736 4239 748 4255 ··
824 4256 827 4270 ·
971 4255 973 4262 ·
1260 4257 1262 4265 ι
