2966 5072
787 481 804 538 6

293 665 351 727 ego
373 643 449 708 mihi
473 645 692 730 suscipiendas
715 667 785 713 esse
809 645 901 728 duxi,
925 646 1062 714 lectores
1085 662 1223 724 summa,
1254 661 1318 725 qua

295 769 354 831 par
384 755 450 830 est,
488 749 646 817 modestia
676 758 786 818 oratos
815 752 928 833 velim,
965 773 1006 818 ne
1036 749 1240 833 arrogantiae
1267 769 1318 812 me

293 860 466 938 propterea
487 861 544 921 aut
565 856 695 922 audacis
717 857 886 941 superbiae
901 857 1049 922 incusare
1070 854 1199 934 malint,
1223 872 1321 936 quam

295 959 442 1041 credere,
465 967 503 1025 ut
522 959 651 1045 ubique,
675 963 721 1028 sio
742 961 794 1027 hic
811 983 937 1046 quoque
958 982 1022 1026 uno
1045 959 1182 1026 mereri
1206 977 1320 1041 cogno·

296 1063 404 1130 scendi
426 1065 533 1132 studio
556 1065 687 1132 ductum
708 1087 788 1133 esse.
829 1067 872 1131 Et
887 1066 914 1132 si
935 1065 1013 1132 mihi
1025 1063 1195 1146 contigerit
1216 1063 1250 1127 in
1270 1061 1321 1126 his
1454 1121 1455 1124 ,

297 1168 539 1252 quaestionibus
577 1169 749 1255 aliquando
784 1171 910 1236 acutius
947 1169 1070 1251 videre,
1110 1189 1207 1254 quam
1237 1167 1322 1247 aliis,

299 1271 415 1356 quibus
445 1294 496 1339 me
525 1275 617 1360 copia
654 1275 842 1357 doctrinae,
873 1275 1018 1340 acumine
1044 1274 1164 1358 ingenii
1192 1272 1322 1338 minime

299 1397 408 1460 parem
431 1397 500 1444 esse
521 1381 712 1462 putaverim,
735 1379 841 1446 idme
863 1379 952 1445 nulla
973 1378 1038 1446 alia
1059 1401 1095 1447 re
1116 1378 1179 1444 nisi
1193 1377 1324 1462 diligen·

299 1481 348 1546 tia
375 1480 425 1546 vel
452 1483 560 1566 potius
591 1469 750 1568 perpetua
782 1483 921 1568 quadam
955 1483 1053 1549 animi
1083 1482 1261 1549 attentione
1292 1486 1325 1546 et

301 1583 540 1669 observatione,
571 1588 710 1671 quaein
736 1587 855 1653 talibus
877 1586 1121 1672 quaestionibus
1150 1583 1325 1652 enodandis

301 1688 438 1756 molesta
457 1711 527 1758 esse
548 1713 613 1758 non
634 1693 740 1772 debet,
763 1700 945 1758 assecutum
967 1714 1037 1758 esse
1059 1691 1173 1757 fateor.

389 1793 452 1860 Sed
473 1796 661 1882 priusquam
683 1797 726 1862 ad
747 1799 946 1881 propositam
973 1797 1192 1882 quaestionem
1214 1813 1325 1878 aggre-

304 1897 425 1978 dimur,
448 1897 536 1966 haud
557 1901 599 1966 ab
621 1923 657 1967 re
678 1901 772 1967 nobis
793 1901 897 1967 visum
918 1907 988 1982 est,
1015 1897 1170 1966 nonnulla
1197 1896 1237 1962 de
1259 1893 1327 1960 dia·

305 2001 387 2085 logis
417 2008 560 2070 veterum
596 2006 631 2070 in
661 2007 846 2072 universum
879 2011 911 2071 et
943 2004 1090 2089 inprimis
1122 2001 1265 2066 Platonis
1293 2005 1328 2065 et

306 2106 490 2173 Aristotelis
515 2109 740 2192 praemittere,
775 2131 912 2194 quorum
942 2107 1086 2192 dialogos
1117 2106 1171 2170 vix
1197 2103 1330 2169 dubium

307 2215 357 2274 est
379 2211 457 2294 quin
480 2210 591 2280 Cicero
613 2215 647 2280 in
669 2213 845 2280 scribendis
865 2213 932 2279 suis
955 2217 1029 2278 ante
1050 2212 1160 2278 oculos
1181 2211 1331 2278 habuerit

307 2336 480 2401 eorumque
502 2317 695 2400 aemulator,
717 2318 862 2385 Platonis
884 2324 987 2400 certe,
1011 2319 1180 2384 exstiterit.

398 2418 481 2498 Quid
502 2422 630 2487 omnino
654 2423 696 2487 sit
718 2421 863 2507 dialogus
886 2443 985 2506 quum
1004 2423 1162 2488 neminem
1182 2422 1331 2505 ignorare

310 2522 454 2606 credam,
490 2546 556 2591 non
586 2546 667 2610 opus
690 2531 740 2592 est
762 2526 803 2590 de
825 2547 863 2592 ea
889 2547 925 2592 re
951 2525 1063 2591 multa·
1087 2525 1187 2592 verba
1215 2524 1330 2589 faeere.

309 2627 450 2692 Possunt
471 2648 580 2694 omnes
602 2650 777 2712 sermones,
809 2629 864 2714 qui
894 2651 965 2696 cum
991 2629 1094 2696 altero
1122 2627 1332 2714 cognosomdi

292 2737 368 2798 aut
390 2732 531 2798 animum
560 2733 741 2804 oblectandi
768 2755 866 2800 causa
898 2741 955 2800 aut
987 2753 1209 2818 quamcunque
1238 2731 1334 2796 aliam

311 2835 353 2902 ob
386 2855 516 2902 oausam
544 2836 585 2902 de
614 2839 725 2904 eadem
748 2859 784 2904 re
811 2838 1040 2922 interrogando
1063 2844 1096 2902 et
1112 2833 1334 2921 respondendo

264 2993 269 2998 .
307 2939 533 3022 conferuntur,
558 2940 678 3027 dialogi
700 2941 858 3028 appellari
867 2943 912 3026 5);
946 2946 1056 3024 potest
1083 2942 1181 3007 etiam
1202 2940 1337 3006 interior

313 3043 473 3128 quaedam
494 3048 593 3128 atque
613 3044 715 3111 tacita
735 3045 852 3112 mentis
874 3065 982 3112 secum
1011 3046 1083 3130 ipsa
1112 3044 1336 3112 sermocinatio

314 3149 442 3215 nomine
463 3148 582 3234 dialogi
604 3151 725 3234 signari
734 3152 773 3235 4).
806 3149 981 3234 Praecipue
1004 3151 1153 3216 autemii
1175 3168 1338 3215 sermones

316 3253 434 3337 dialogi
467 3253 689 3337 nominantur,
730 3255 786 3339 qui
804 3255 901 3341 ‚inter
935 3255 1021 3320 viros
1051 3253 1161 3338 aliqua
1190 3252 1339 3318 doctrina

316 3361 460 3427 eruditos
481 3361 695 3428 instituuntur
716 3363 773 3424 aut
793 3360 862 3424 seri
876 3357 1056 3424 inveniendi
1077 3377 1175 3424 causa
1197 3361 1253 3422 aut
1273 3355 1339 3420 tale

316 3465 438 3549 aliquid
469 3463 627 3549 probandi
655 3468 688 3529 et
715 3462 865 3529 &mandi
894 3468 951 3529 aut
981 3463 1078 3528 etiam
1108 3467 1146 3528 ut
1175 3459 1339 3544 opiniones

318 3569 419 3637 falsae
441 3569 621 3636 refutentur
644 3573 741 3652 atque
764 3589 804 3633 ex
825 3567 939 3632 animis
960 3565 1138 3650 pellantur3
1162 3583 1340 3648 eoquema·

318 3679 367 3763 gis
388 3676 471 3742 tales
493 3695 656 3741 sermones
679 3672 797 3758 dialogi
817 3672 977 3750 dicuntur,
1000 3691 1063 3756 quo
1084 3669 1186 3754 magis
1209 3668 1261 3733 via
1283 3666 1341 3731 ali·

319 3801 384 3866 qua
405 3801 443 3846 ac
464 3781 591 3846 ratione
613 3776 798 3863 disputandi
820 3776 1008 3862 procedunt.
1046 3775 1083 3839 In
1105 3773 1221 3858 quibus
1243 3771 1341 3838 rebus

321 3887 376 3970 qui
399 3890 476 3950 sunt
496 3883 664 3950 exorcitati
695 3884 813 3967 quique
841 3882 875 3948 in
907 3900 1033 3965 quaque
1055 3879 1221 3964 proposita
1245 3897 1340 3960 quae·

394 4113 424 4184 3)
442 4118 476 4169 Cl.
498 4119 551 4170 Cir.
571 4119 643 4172 Brut.
664 4115 918 4187 §.2183ad1lus'a
938 4117 998 4176 xlll,
1018 4113 1060 4166 42.
1168 4107 1204 4176 4)
1223 4109 1257 4160 cf.
1277 4107 1340 4160 Plau.

321 4206 431 4274 Sophiae.
448 4223 472 4272 p.
492 4207 552 4268 263,
572 4209 605 4274 E;
623 4223 647 4273 p.
664 4207 728 4270 2³1,
747 4208 773 4260 C.
1025 4201 1028 4210 ’
1070 4222 1073 4231 “
