2966 5072
623 569 663 632 41

129 751 221 817 quom
243 731 303 798 ioti
325 730 469 799 dolorem
491 733 659 800 senserint.
704 733 777 801 Non
799 755 874 803 vero
897 741 1062 821 oportere,
1095 737 1152 820 qui

130 836 170 901 eit
189 835 294 926 ioqtie,
317 857 391 902 eum
414 835 455 903 ob
477 837 756 921 perturbationem
771 859 842 907 esse
856 842 981 908 fortem.
1025 814 1176 907 Rursus*

128 961 194 1008 ease
215 941 318 1006 aliam
338 939 572 1023 fortitudinem,
594 961 678 1026 quae
700 943 802 1010 civilis
819 945 1030 1027 existimetur,
1052 945 1152 1029 siqui

128 1045 247 1130 pudore
269 1045 388 1111 oivium
409 1045 532 1110 inducti
553 1045 697 1129 pericula
729 1047 868 1115 subeant
895 1056 929 1115 et
957 1049 1058 1116 sortes
1080 1069 1152 1115 esse

127 1151 305 1218 rideantur.
364 1150 636 1228 Quemadmodum
675 1153 766 1220 verbi
801 1173 900 1222 cansa
931 1153 1091 1221 Homerus
1101 1153 1151 1238 ⁹⁸)

126 1253 298 1324 Hectorem
319 1254 478 1320 dieentem
499 1253 645 1321 inducat:

209 1357 433 1442 Πουλυδάμας
452 1379 508 1442 μοι
534 1361 658 1444 πρῶτος
681 1358 839 1447 ἐλεγχείην
861 1359 1041 1447 ἀναθήσει,

125 1483 206 1549 quae
223 1483 326 1530 eausa
345 1463 401 1545 sit,
424 1463 511 1548 quod
533 1462 596 1530 sibi
616 1465 825 1549 pugnandum
848 1487 919 1533 esse
941 1466 1062 1532 eredat.
1106 1465 1151 1530 At

124 1587 162 1634 ne
176 1567 262 1634 hano
274 1565 406 1651 quidem
425 1565 594 1647 dioendam
604 1567 826 1636 fortitudinem
840 1589 919 1653 esse,
943 1571 1020 1655 quia
1038 1568 1079 1635 de
1092 1566 1150 1634 hu-

119 1672 259 1758 jusmodi
280 1669 472 1752 fortitudine
492 1671 620 1753 eadem,
653 1693 737 1757 quae
765 1681 879 1758 antea,
915 1673 979 1741 diei
1013 1674 1148 1758 possint.

122 1776 232 1861 Neque
253 1776 342 1842 enim
363 1773 541 1859 quidquam
562 1775 690 1843 efficere
710 1797 806 1860 posse
827 1778 1058 1858 fortitudinem,
1084 1795 1149 1860 quo

122 1881 250 1948 sublato
272 1880 431 1947 fortitudo
446 1881 520 1964 ipsa
534 1879 664 1946 sublata
685 1880 739 1946 sit.
783 1880 873 1948 Tolle
885 1882 968 1948 enim
980 1881 1147 1965 pudorem,

120 1983 346 2052 fortitudinem
366 1984 547 2051 sustuleris.
590 1983 693 2051 Porro
724 1990 758 2050 et
786 1985 882 2051 aliter
907 1985 1009 2052 fortes
1038 1984 1149 2050 existi·

122 2095 226 2156 matos
248 2110 321 2156 esse
342 2089 385 2156 ob
407 2109 498 2173 spem
519 2094 553 2155 et
567 2087 726 2156 bonarum
741 2111 850 2156 rerum
865 2089 1145 2175 exspectationem.

121 2194 168 2262 Ne
188 2195 249 2262 hos
271 2193 403 2280 quidem
425 2193 489 2260 diei
510 2199 660 2278 oportere
680 2193 799 2275 sortes,
829 2213 928 2277 quum
947 2193 1030 2260 tales
1059 2198 1093 2260 et
1113 2194 1148 2260 in
1260 2274 1264 2288 ,

121 2297 240 2366 talibus
278 2303 445 2364 versantes
479 2297 581 2364 fortes
619 2296 781 2382 appellare
813 2299 959 2383 ineptum
989 2297 1146 2365 videatur.

121 2404 286 2472 Neminem
309 2404 410 2490 igitur
430 2403 557 2486 homm,
578 2423 661 2488 quos
683 2403 818 2484 dixerit,
847 2403 963 2470 fortem
984 2402 1147 2487 appellan-

121 2509 196 2577 dum
219 2531 302 2578 esse.
349 2509 461 2590 Qualis
483 2509 584 2593 igitur
603 2514 724 2574 natura
744 2508 939 2575 constitutus
960 2515 994 2574 et
1014 2509 1070 2593 qui
1092 2509 1145 2574 sit

120 2637 214 2701 quem
233 2635 311 2682 rere
332 2615 451 2682 fortem
472 2614 578 2696 dieas,
597 2617 664 2699 jam
679 2612 947 2679 considerandum
963 2631 1044 2679 esee.
1087 2614 1146 2679 At·

118 2741 181 2806 que
200 2725 239 2788 ut
259 2722 390 2805 pauoie,
413 2719 534 2805 inquit,
564 2718 743 2800 absolvam,
773 2719 830 2802 qui
850 2717 940 2784 nulla
957 2721 1024 2804 jam
1047 2737 1145 2802 supra

120 2825 206 2893 diota
227 2845 329 2892 eausa
356 2829 522 2910 permotus
550 2824 644 2890 fortis
666 2829 730 2905 est,
763 2821 820 2889 sed
841 2823 916 2907 qui,
939 2821 1025 2907 quod
1047 2820 1144 2890 hone·

119 2937 204 2998 atum
227 2951 305 3010 esse,
311 2929 513 3016 judicaverit,
535 2926 571 2993 id
584 2926 693 3009 faeiat,
716 2926 782 2993 sire
803 2927 875 3012 quis
891 2925 1056 3008 oonoedat,
1078 2927 1144 2993 eive

118 3055 181 3101 non
203 3033 369 3101 oenoedat.
414 3033 525 3116 Neque
546 3035 655 3098 tamen
665 3051 798 3116 prorsus
813 3032 882 3097 sine
898 3031 1144 3116 perturbatione

118 3143 151 3204 et
171 3136 313 3221 impulsu
344 3136 382 3202 iit
409 3134 584 3216 fortitudo,
616 3133 673 3200 sed
701 3133 754 3200 hio
782 3135 938 3219 impulsus
969 3137 1143 3202 aratione

117 3249 247 3326 oportet
269 3239 495 3326 proficiscatur
514 3237 642 3305 honesti
663 3257 770 3305 eausa.
815 3238 878 3318 Qui
898 3239 997 3323 igitur
1017 3239 1142 3304 ratione

116 3345 231 3412 duetus
252 3343 383 3411 honesti
404 3362 503 3409 eausa
523 3341 566 3412 ad
587 3341 730 3426 pericula
751 3341 954 3426 suseipienda
974 3347 1142 3426 promptus

117 3457 167 3519 eet
187 3457 278 3518 metu
305 3467 442 3530 vocans,
477 3444 530 3512 hio
558 3445 652 3512 fortis
678 3445 853 3512 oensendue
885 3453 936 3513 est
971 3446 1064 3513 etin
1090 3445 1141 3512 his

115 3553 273 3624 tortitudo
294 3551 454 3620 ooneistit.
497 3549 587 3616 Metu
607 3569 725 3616 vacans
747 3553 856 3616 autem
883 3549 934 3617 vel
961 3549 1141 3634 intrepidus

115 3661 179 3728 diei
199 3681 264 3726 non
286 3661 410 3743 potest,
439 3653 568 3741 quando
589 3654 638 3720 ita
658 3653 812 3720 aociderit
831 3653 922 3735 forti,
953 3658 992 3720 ut
1012 3653 1141 3721 omnino

10 3781 11 3788 ’
115 3785 179 3832 non
201 3763 420 3849 pertimescat.
463 3758 526 3837 Qui
547 3759 632 3825 enim
653 3758 701 3824 ita
724 3758 991 3841 eetoonstitutue,
1012 3755 1141 3824 utnihil

10 3937 11 3942 ,
115 3871 144 3938 ei
175 3866 354 3955 quidquam
374 3863 501 3932 timoris
521 3862 676 3942 incutiat,
708 3863 737 3930 ie
758 3863 852 3930 fortis
877 3883 942 3928 non
975 3867 1034 3930 est.
1084 3860 1139 3926 Ni·

115 3975 231 4042 mirum
251 3972 301 4040 its
333 3975 366 4038 et
393 3969 476 4054 lapis
512 3975 545 4036 et
574 3967 697 4054 relique
727 3967 870 4036 inanima
896 3967 994 4036 fortia
1021 3971 1137 4036 essent.

187 4260 237 4330 aa)
254 4263 281 4314 u.
300 4267 339 4326 x,
362 4263 421 4318 roo.
