2870 5076
702 429 913 496 „32..

294 597 382 668 sed
405 598 481 666 setis
504 599 584 666 haec
606 622 671 666 une
692 599 829 666 societas
852 624 915 668 non
938 612 996 668 ert
1040 601 1123 670 Oum‘
1154 603 1238 670 enim
1268 602 1371 670 enime-

228 711 313 778 libue
335 718 449 776 nutura
471 708 602 774 insitum
625 711 675 792 sit,
698 719 734 776 ut
755 721 926 798 procreent
948 712 1012 778 elie
1035 713 1084 780 eui
1100 714 1239 800 generis,
1261 714 1325 780 viro
1346 723 1372 780 et

230 821 368 886 feminae
390 818 565 884 ineundum
589 829 636 885 eet
652 819 834 908 coniugium
848 821 882 908 ¹).
917 820 1074 902 Quemvis
1092 845 1169 889 vero
1187 826 1289 912 prime
1302 824 1372 890 haee

231 931 272 996 sit
293 921 398 1013 cauea,
423 953 479 996 eur
500 929 550 996 vir
574 939 605 994 et
627 930 747 996 femine
768 929 852 996 iuter
875 953 910 996 se
933 933 1168 1021 coniungantur
1191 943 1224 1000 et
1239 933 1373 1022 eupulen·

230 1054 292 1124 tur,
321 1051 429 1108 temen
460 1041 528 1108 sole
553 1063 617 1106 non
646 1049 709 1123 eet,
737 1040 834 1108 immo
863 1042 983 1108 multae
1006 1051 1175 1131 praeterea
1199 1053 1272 1110 eunt
1293 1043 1373 1110 eliae.

231 1153 360 1220 Etenim
384 1147 499 1218 netura
514 1174 613 1238 opere
634 1151 880 1239 functionesque
901 1151 987 1218 inter
1009 1162 1182 1241 utrumque
1203 1141 1317 1236 divisit,
1337 1154 1374 1218 ite

230 1277 266 1331 ut
292 1264 355 1329 elia
384 1264 447 1328 sint
474 1261 552 1341 viri,
582 1261 645 1326 alia
672 1261 823 1346 feminae,
858 1263 972 1348 veluti,
1006 1273 1042 1330 ut
1070 1264 1132 1330 hoe
1163 1287 1227 1330 uno
1259 1273 1374 1330 utemur

232 1375 395 1464 exemplo,
423 1371 484 1437 viri
518 1379 568 1436 eet
595 1395 710 1460 parare
737 1382 770 1436 et
797 1372 982 1461 acquirere,
1017 1397 1211 1441 conservare
1239 1397 1276 1438 ee
1301 1370 1373 1438 tueri

230 1484 416 1570 mulieris¹).
462 1484 580 1571 Itaque
608 1492 721 1549 neuter
749 1503 857 1548 eorum
887 1507 946 1570 per
976 1505 1010 1550 se
1038 1483 1120 1550 bene
1148 1485 1258 1550 vivere
1280 1492 1375 1572 potest

230 1618 335 1685 neque
359 1595 487 1683 assequi
508 1591 743 1674 sufficientiam,
767 1591 825 1658 eed
845 1615 980 1662 neeesse
1003 1603 1052 1660 est
1074 1617 1128 1660 eos
1151 1617 1252 1682 opere
1272 1618 1328 1661 sue
1348 1593 1373 1656 iu

230 1729 328 1772 unum
362 1706 454 1793 quusi
490 1704 636 1772 conferre
670 1715 703 1769 et
737 1686 951 1788 ceneiliere³).
997 1705 1106 1792 Atque
1140 1714 1256 1773 nature
1287 1702 1374 1770 animi

230 1839 341 1882 eorum
374 1826 405 1882 et
438 1815 567 1903 ingenia
601 1814 793 1882 exstiterunt
826 1835 880 1899 ee,
914 1825 951 1882 ut
979 1815 1099 1903 optime
1126 1816 1211 1882 inter
1244 1837 1278 1882 se
1312 1836 1374 1880 con-

229 1938 392 2016 gruerent.

317 2039 355 2104 In
385 2059 578 2126 unaqueque
602 2046 708 2106 autem
733 2037 902 2118 societate,
932 2045 968 2104 ut
990 2047 1209 2120 conservetur,
1237 2036 1291 2104 uni
1312 2035 1373 2102 reli·

230 2150 284 2238 qui
308 2173 342 2216 ee
365 2149 523 2214 subiciunt
544 2171 676 2237 prorsus
700 2155 749 2213 est
770 2169 901 2212 ueceeee
910 2146 945 2234 ⁴).
989 2149 1059 2214 Iam
1083 2173 1155 2216 cum
1181 2149 1230 2214 vir
1252 2147 1373 2216 muliere

230 2374 258 2428 τὸ
278 2373 332 2444 γὰρ
351 2372 417 2428 αὕτδ
437 2376 572 2445 συμφέρει
591 2375 628 2441 τῷ
644 2375 723 2444 μέρει
742 2373 787 2424 καλ
806 2373 844 2439 τῷ
861 2368 916 2440 ὅλιρ
940 2374 987 2426 καὶ
1009 2370 1114 2445 σώματι
1139 2376 1187 2428 καλ
1208 2376 1296 2446 ψυχῇ,
1318 2369 1373 2426 δδέ
1426 2381 1427 2434 3

230 2463 329 2522 δοῦλος
346 2466 429 2533 μέρος
447 2481 473 2515 τι
490 2463 539 2514 τοῦ
558 2457 705 2525 δεσπότου,
726 2455 786 2515 οἷον
804 2456 934 2532 ἔμψυχόν
945 2480 969 2514 τι
982 2458 1168 2534 τοῦσώματος
1181 2464 1374 2533 κεχωρισμένον
1426 2435 1427 2521 δ

230 2551 262 2604 δὲ
278 2553 370 2622 μέρος.
394 2548 437 2602 διὸ
461 2553 508 2602 καλ
532 2552 678 2621 συμφέρον
702 2549 763 2602 ἐστί
782 2567 808 2601 τι
832 2551 879 2600 καὶ
904 2550 984 2618 φιλία
1004 2545 1094 2619 δούλῳ
1112 2554 1160 2604 καλ
1179 2548 1297 2622 δεσπότῃ
1315 2547 1374 2616 πρὸς

228 2635 360 2706 ἀλλήλους
378 2643 434 2697 τοῖς
451 2635 533 2709 φύσει
551 2633 656 2692 τούτων
673 2635 843 2708 ἠξιωμένοις.

174 2721 175 2728 ’
303 2729 320 2792 ¹)
339 2729 368 2779 L.
388 2729 406 2779 l.
426 2729 447 2793 Ι,
468 2733 492 2779 2.
514 2732 580 2779 1252
593 2745 609 2780 e
622 2730 668 2779 26:
692 2721 798 2794 ἀνάγκη
822 2723 855 2792 δὴ
880 2727 989 2796 πρῶτον
1014 2721 1218 2788 συνδυάζεσθαι
1240 2723 1300 2785 τούς
1317 2718 1373 2778 ἄνευ

227 2812 353 2881 ἀλλήλων
369 2812 408 2885 μὴ
427 2813 600 2886 δυναμένους
618 2814 698 2879 ελναι,
717 2807 778 2867 οἷον
795 2814 865 2878 θῆλυ
883 2811 937 2882 μὲν
955 2814 1002 2865 καὶ
1020 2805 1103 2884 ἄρρεν
1121 2815 1166 2880 τῆς
1179 2817 1309 2883 γενέσεως
1324 2811 1374 2865 ἕνε-

229 2919 277 2957 κεν
295 2902 356 2970 (καὶ
373 2903 452 2956 τοῦτο
473 2900 523 2955 οὐκ
542 2903 572 2956 ἐκ
591 2906 789 2974 προαιρέσεως,
814 2896 877 2952 ἀλλ’
898 2896 991 2970 ὥσπερ
1011 2905 1057 2954 καὶ
1076 2901 1105 2954 ἐν
1123 2906 1179 2960 τοῖς
1198 2896 1290 2960 ἄλλοις
1306 2895 1374 2968 ζῴοιν

229 2992 276 3043 καλ
293 2995 390 3060 φυτοῖς
409 2989 530 3060 φυσικὸν
547 2989 577 3044 τό
597 2991 741 3061 ἐφίεσθαι,
765 2983 824 3043 οἷον
843 2984 920 3056 αὐτό,
943 2990 1068 3044 τοιοῦτον
1091 2992 1253 3046 καταλιπεῖν
1271 2989 1373 3061 ἕτερον).

230 3080 270 3132 De
289 3082 368 3133 enim.
387 3081 422 3145 11,
442 3085 466 3133 4.
485 3084 536 3132 415
549 3098 565 3133 e
579 3084 674 3146 Iteqq.
1423 3069 1424 3131 λ

303 3170 419 3237 ²)Polit.
439 3168 487 3234 ΙΙΙ,
507 3172 532 3220 4.
555 3171 620 3218 12⁷⁷
635 3168 652 3219 b
666 3171 714 3219 24:
739 3165 798 3219 ἐπεὶ
820 3167 867 3220 καὶ
886 3168 1032 3237 οἰκονομία
1052 3165 1130 3236 ἑτέρα
1149 3164 1253 3238 ἀνδρὸς
1270 3168 1314 3220 καὶ
1330 3181 1372 3235 μυ·
1422 3227 1423 3238 ¹

228 3251 337 3314 ναικός·
362 3257 411 3308 τοῦ
428 3253 553 3328 μὲνγὰρ
572 3255 692 3308 κτᾶσθαι
709 3255 754 3321 τῆς
772 3254 804 3308 δὲ
823 3250 969 3324 φυλάττειν
987 3255 1070 3324 ἔργον
1088 3255 1171 3308 ἐστίν.
1422 3259 1423 3335 I

301 3344 321 3409 ³)
339 3347 400 3397 Eth.
418 3347 476 3400 Nic.
495 3336 567 3409 VIII,
589 3349 628 3396 14.
650 3348 716 3394 1162
730 3360 747 3395 ιι
762 3348 805 3397 19ι
830 3347 886 3401 τοῖς
902 3341 956 3414 μὲν
975 3339 1025 3398 οὖν
1044 3335 1136 3401 ἄλλοις
1154 3345 1199 3397 Iret
1217 3332 1373 3402 τοσοῦτονὴ

228 3436 360 3484 κοινωνία
378 3431 460 3496 ἐστίν,
480 3435 508 3484 οἱ
526 3431 555 3485 δ’
576 3425 722 3505 ἄνθρωποι
740 3429 773 3484 οδ
791 3427 880 3503 μόνον
898 3432 944 3497 τῆς
960 3433 1133 3487 τεκνοποιίας
1142 3427 1226 3501 χάριν
1240 3427 1374 3484 συνοικοῦ-

230 3529 284 3576 σιν,
303 3514 373 3567 ἀλλὰ
396 3519 443 3568 καὶ
465 3521 519 3572 τῶν
543 3523 580 3578 εἰς
598 3518 646 3575 τὸν
662 3523 739 3588 βίον·
757 3515 838 3577 εὐθὺς
856 3517 910 3588 γὰρ
930 3514 1055 3589 διῄρηται
1073 3514 1106 3569 τὰ
1132 3516 1214 3586 ἔργα,
1240 3520 1286 3571 καλ
1308 3516 1374 3569 ἔστιν

231 3600 307 3672 ’έτερα
326 3600 429 3672 δνδρδς
447 3607 494 3656 καὶ
512 3604 656 3673 γυναικός·
676 3607 845 3677 ἐπαρκοῦσιν
863 3598 914 3660 οδν
931 3599 1067 3670 αλλήλοις,
1085 3607 1122 3663 ιίς
1139 3602 1169 3658 ze
1188 3603 1283 3660 κοινὸν
1294 3605 1374 3658 τιθέν-

230 3705 271 3746 τες
288 3686 320 3740 τὰ
339 3688 406 3743 ἴδια.
443 3693 540 3747 Oeeon.
558 3695 579 3759 Ι,
601 3701 623 3750 3.
646 3697 803 3750 13431ιλ6ι
822 3686 892 3746 οὕτω
911 3689 1141 3763 προῳκονόμηται
1158 3688 1214 3750 ὑπὸ
1239 3695 1286 3748 τοῦ
1303 3693 1373 3746 θείου
1420 3711 1421 3743 ι

229 3773 359 3845 ἑκατέρου
377 3773 392 3844 ἡ
411 3774 508 3847 φύσις,
532 3783 581 3833 τοῦ
598 3802 625 3836 τε
644 3781 746 3852 ἀνδρὸς
763 3781 872 3847 καὶτῆς
894 3777 1039 3849 γυναικός,
1064 3780 1133 3852 πρὸς
1155 3782 1204 3848 τὴν
1226 3781 1373 3836 κοινωνίαν.

230 3862 381 3928 διείληπται
400 3863 455 3936 γὰρ
472 3869 510 3936 τῷ
526 3867 566 3940 μὴ
586 3869 631 3924 eu
648 3868 733 3924 ταύτὰ
752 3866 842 3924 πάντα
857 3866 996 3940 χρήσιμον
1015 3866 1152 3937 ἔχειντὴν
1171 3865 1299 3942 δύναμιν,
1317 3861 1371 3920 ἀλλ’
1419 3939 1420 3947 ¹

229 3948 288 4003 ένια
307 3951 353 4004 ἐπὶ
372 3949 513 4020 τάναντία,
538 3959 576 4015 εἰς
594 3955 675 4012 ταδτδ
695 3957 726 4012 δὲ
746 3962 934 4014 συντείνοντα*
951 3953 981 4010 τό
999 3955 1124 4027 μὲνγὰρ
1143 3956 1325 4031 ἰσχυρότερον,
1346 3951 1372 4006 ιδ

228 4035 255 4090 δ’
276 4036 477 4114 ἀσθενέστερον
495 4043 634 4111 ἐποίησεν,
660 4048 706 4102 ἵνα
729 4045 759 4101 τὸ
785 4047 839 4120 μὲν
858 4040 1097 4117 φυλακτικώτερον
1113 4040 1132 4118 ᾗ
1151 4045 1199 4100 διδ
1217 4047 1265 4102 τὸν
1282 4041 1372 4118 φόβον,

228 4123 257 4180 τὸ
278 4125 306 4179 δ’
327 4124 546 4202 ἀμυντικώτερον
565 4129 611 4184 διὰ
629 4132 677 4201 τὴν
696 4131 824 4206 ἀνδρίαν,
848 4136 895 4188 καὶ
917 4131 946 4188 τὸ
970 4133 1024 4206 μὲν
1049 4137 1144 4207 πορίζῃ
1161 4133 1195 4188 τδι
1214 4136 1322 4196 ἔξωθεν,
1344 4125 1370 4182 εὖ

228 4212 261 4267 δὲ
279 4211 349 4287 σώζῃ
367 4215 401 4270 τὰ
420 4216 510 4273 ἔνδον.
544 4223 639 4274 13431)
656 4228 749 4292 leeqq.
770 4225 882 4277 maxime
899 4224 978 4276 haee:
999 4222 1030 4277 έν
1047 4218 1187 4296 ἀνθρώπῳ
1205 4223 1236 4277 δὲ
1252 4220 1371 4295 μάλιστα,

229 4299 271 4358 ὅτι
289 4300 322 4356 οὐ
336 4301 426 4375 μόνον
444 4306 595 4376 τοῦελναι,
618 4305 687 4362 ἀλλὰ
706 4313 753 4364 καλ
776 4312 825 4366 τοῦ
843 4303 872 4365 εὖ
891 4310 961 4367 εἶναι
980 4309 1098 4385 συνεργὰ
1117 4310 1244 4381 ἀλλήλοις
1260 4310 1289 4368 τδ
1309 4309 1370 4375 δῆλον

228 4392 275 4446 καλ
292 4389 323 4445 τδ
342 4383 426 4463 ἄρρεν
446 4394 510 4448 έστί.
548 4398 588 4449 cf.
606 4399 734 4450 Fritureh.
754 4400 862 4455 Aristot.
882 4399 914 4451 de
931 4402 1006 4455 emto.
1025 4417 1050 4469 p.
1065 4406 1106 4456 73.

299 4483 320 4546 ⁴)
341 4483 416 4534 Petit.
436 4473 464 4548 1‚'
478 4492 501 4540 5.
522 4489 589 4535 1254
602 4502 618 4536 e
631 4489 677 4539 28:
701 4480 753 4537 ὅσα
772 4485 826 4560 γὰρ
844 4485 874 4542 In
893 4486 1029 4546 πλειόνων
1047 4492 1195 4558 συνέστηκε
1213 4492 1260 4546 καὶ
1278 4493 1370 4562 γίνεται
1416 4529 1417 4550 ,
