2966 5072
823 485 862 546 52

334 667 416 732 quae
438 648 513 714 inde
535 667 587 713 res
608 649 794 731 proveniat,
816 669 913 733 quam
934 650 1036 733 ipsius
1059 649 1194 734 subjecti
1216 647 1356 726 habitus,

330 756 386 838 qui
406 754 481 820 inde
511 753 648 834 oriatur,
679 759 712 818 et
738 753 871 818 affectus
898 753 1114 838 respiciantur
1128 753 1203 839 ¹²⁰).
1247 752 1359 836 Neque

328 881 404 924 vero
434 856 566 924 dubium
597 877 667 922 esse
699 849 830 941 potest,
858 858 937 940 quin
963 857 1042 922 haec
1074 858 1160 921 inter
1192 866 1297 920 ποιεῖν
1327 869 1360 928 et

330 963 477 1047 πρέπειν
499 960 680 1026 differentia
702 981 723 1025 a
744 962 857 1044 primis
876 964 944 1046 jam
965 961 1094 1044 linguae
1120 959 1356 1044 investigatori-

330 1067 405 1148 bus,
433 1065 545 1149 quales
567 1070 660 1130 arant
681 1065 827 1148 inprimis
849 1063 1033 1148 sophistae,
1068 1065 1197 1149 cognita
1215 1069 1261 1130 'et
1282 1062 1358 1129 defi-

330 1171 400 1236 nita
420 1170 536 1249 fuerit,
570 1175 607 1235 ut
635 1168 814 1234 inhaere
843 1169 1050 1235 Aristotelem
1079 1163 1359 1254 philosbphautem

329 1276 489 1340 communi
509 1273 638 1358 linguae
660 1297 721 1340 usu
743 1275 874 1340 ductum
896 1295 966 1340 esse
986 1275 1157 1340 verisimile
1178 1276 1231 1341 sit.

394 1377 458 1444 Sed
480 1379 648 1458 redeamus
671 1379 713 1443 ad
735 1378 936 1471 ε’ξωτερικοδς
957 1377 1081 1456 λόγους.
1125 1379 1163 1444 In
1177 1382 1275 1444 Εἰλίο.
1292 1381 1358 1444 Εσ-

332 1487 409 1548 dem.
430 1483 505 1548 libr.
528 1483 553 1565 I,
577 1488 606 1564 8,
634 1487 723 1547 1-5
746 1483 835 1567 loqui
856 1483 983 1549 videtur
1006 1483 1046 1548 de
1066 1483 1155 1564 idea,
1179 1483 1236 1548 sed
1262 1484 1297 1562 si,
1312 1481 1359 1547 di·

330 1586 480 1671 ligentius
502 1607 571 1651 rem
592 1588 769 1671 inspexeris
799 1593 832 1653 et
864 1587 966 1654 totius
987 1585 1050 1653 loci
1073 1589 1266 1654 sententiam
1287 1607 1359 1670 per·

289 1733 292 1738 -
331 1689 490 1773 penderis,
513 1711 579 1756 non
600 1693 739 1775 poteris,
764 1693 849 1776 quin'
864 1693 983 1758 iterum
1006 1691 1046 1757 de
1069 1693 1298 1759 summobono
1321 1711 1360 1758 ec

329 1792 400 1858 loco
423 1794 475 1878 agi
498 1796 654 1862 concedas
677 1796 789 1862 eodem
810 1795 877 1862 fere
899 1796 1012 1878 meda,
1036 1817 1100 1881 quo
1123 1798 1281 1882 disceptat
1301 1795 1359 1862 bo.

330 1918 407 1961 num
428 1899 462 1962 in
484 1898 680 1984 ἐξωτερικοῖς
705 1901 812 1980 λόγοις
844 1899 895 1965 vel
917 1903 1036 1964 Εἰλίοἰε
1058 1905 1182 1986 Magnis
1202 1902 1232 1983 Ι,
1258 1905 1291 1982 1,
1319 1905 1357 1964 11

331 2021 378 2083 sq.
402 2007 444 2083 et,
468 2003 735 2086 quemadmodum
756 2005 864 2087 priore
885 2003 955 2070 loco
977 2004 1085 2071 ideam
1105 2006 1182 2072 boui
1202 2027 1267 2072 non
1290 2025 1360 2070 esse

331 2105 503 2188 significat,
545 2127 611 2190 qua
629 2127 803 2172 summum
835 2106 955 2174 bonum
988 2108 1030 2172 ad
1062 2110 1160 2175 vitam
1195 2110 1360 2192 pertinens

331 2211 551 2292 contineatur,
582 2213 700 2296 quippe
723 2233 823 2297 quae,
853 2219 890 2278 ut
912 2212 1054 2296 reliquae
1074 2203 1187 2294 ideae,
1221 2233 1242 2277 a
1262 2210 1360 2277 rebus

332 2320 483 2397 separata
505 2315 548 2380 sit
562 2315 639 2401 ¹²¹),
674 2317 719 2382 sic
749 2317 851 2383 altero
880 2317 951 2383 loco
981 2317 1094 2382 eadem
1122 2316 1189 2382 fere
1216 2316 1256 2382 de
1286 2317 1361 2382 idea

333 2417 550 2501 disputantem
572 2439 706 2504 eamque
727 2421 925 2507 rejicientem
947 2421 1099 2501 videmus
1124 2419 1210 2504 quod
1232 2420 1274 2485 ad
1286 2441 1360 2485 con·

332 2521 530 2587 stituendum
550 2522 687 2605 bonum,
711 2525 751 2591 de
774 2547 837 2610 quo
860 2531 992 2610 agatur,
1025 2523 1060 2590 id
1082 2529 1148 2605 est,
1184 2524 1269 2608 quod
1304 2522 1360 2592 ho·

332 2627 469 2692 minibus
491 2627 610 2692 bonum
635 2631 691 2711 sit,
715 2631 863 2696 adhiberi
884 2653 949 2696 non
969 2630 1084 2714 possit,
1131 2629 1223 2708 Quod
1245 2633 1283 2694 ut
1306 2649 1362 2713 ap-

332 2734 461 2813 pareat,
501 2731 659 2816 adscripsi
686 2733 874 2803 Ethieorum
901 2734 1093 2818 Magnorum
1124 2735 1156 2815 I,
1191 2739 1223 2816 1,
1246 2738 1287 2798 ·11
1312 2751 1361 2818 sq.

331 2836 425 2903 haec:
453 2837 551 2922 Ὑπὲρ
580 2843 636 2902 τοῦ
671 2839 834 2904 πολιτικοῦ
867 2840 934 2924 ἄρα
958 2837 1092 2917 οἰγαδοῦ
1124 2838 1200 2922 ἡμῖν
1227 2837 1363 2902 λεκτέον.
1393 2891 1396 2900 .

333 2942 441 3005 Πάλιν
464 2942 500 3004 δὲ
522 2945 687 3006 καὶτοῦτο
711 2943 828 3006 διελεῖν
851 2941 914 3006 δεῖ·
942 2941 1024 3025 ὑπὲρ
1056 2939 1188 3019 οἰγαδοῦ
1215 2945 1271 3004 τοῦ
1292 2946 1364 3017 ποῦς

332 3045 520 3127 λεγομένους
551 3043 590 3109 οῦ
612 3047 674 3130 γοὶρ
697 3047 780 3111 ἔστιν
802 3045 939 3111 ἁπλοῦν.
986 3048 1121 3122 Λέγεται
1142 3043 1204 3127 γὰρ
1228 3042 1363 3123 τίγαδδν

332 3151 353 3239 ἤ
377 3157 410 3220 τὸ
435 3155 564 3236 ἄριστον
585 3153 621 3217 ἓν
643 3151 764 3237 ἑκάστῳ
786 3154 851 3216 τῶν
874 3151 991 3226 ὄντων,
1014 3153 1103 3212 τοῦτο
1127 3145 1227 3212 δ’ἐστὶ
1248 3148 1282 3212 τδ
1306 3149 1361 3214 διδ

333 3261 389 3343 τὴν
410 3256 510 3322 αὑτοῦ
534 3259 632 3343 φῦσιν
654 3254 791 3338 αἱρετόν,
815 3258 837 3340 ἤ
858 3250 897 3318 οὗ
919 3249 1022 3316 τᾶλλα
1035 3251 1229 3332 μετασχόντα
1245 3250 1364 3332 ἀγαθά

334 3361 427 3438 ἐστιν,
450 3366 541 3426 τοῦτο
564 3359 685 3426 δ’ἐστὶν
706 3359 726 3445 ἦ
749 3359 821 3423 ἰδέα
844 3356 1004 3437 τάγαθοῦ.
1038 3355 1182 3440 Πότερον
1204 3353 1264 3423 οὖν
1280 3354 1363 3442 ὑπὲρ

333 3468 386 3550 τῆς
407 3465 497 3539 ἰδέας
519 3464 671 3545 τοίγαδοῦ
693 3465 751 3541 δεῖ,
774 3467 796 3547 ἢ
816 3463 865 3537 οῦ,
889 3458 962 3523 ἀλλ’
978 3451 1027 3532 ’ὡς
1040 3459 1074 3522 τδ
1099 3461 1208 3524 κοινδν
1223 3461 1363 3557 ἐνᾶπα-

335 3586 386 3632 σιν
407 3566 557 3654 ὑπάρχον
578 3568 732 3648 sirudis),-
754 3571 859 3651 ἕτερον
885 3564 946 3648 γὰρ
976 3567 1030 3647 τῆς
1062 3562 1153 3638 ἰδέας
1181 3568 1271 3642 τοῦτο
1304 3564 1364 3628 δό-

336 3675 417 3748 ξειεν
440 3677 482 3738 ἄν
504 3674 606 3737 εἶναι·
630 3671 649 3760 ἦ
671 3672 813 3757 μὲνγὰρ
836 3668 910 3733 ἰδέα
932 3667 1086 3751 χωριστόν
1107 3673 1161 3732 καί
1183 3667 1261 3732 αῦτδ
1285 3669 1364 3733 καθ’

336 3777 432 3854 αὑτό,
462 3780 495 3842 τδ
520 3779 555 3842 δὲ
577 3779 687 3843 κοινδν
709 3775 892 3842 ένόἰπασιν
923 3769 1072 3860 δποὶρχει.
1129 3767 1197 3837 Οδκ
1230 3773 1292 3837 ἔστι
1326 3773 1363 3836 δὲ

327 4026 330 4036 ·
410 3999 790 4088 συγκαταστήσῃ.
813 4014 872 4077 116,
889 4015 922 4066 a:
952 4010 1019 4073 ὅστις
1044 4011 1132 4071 κοῖος
1156 4010 1274 4081 κράτει,
1302 4011 1362 4084 asp

335 4106 381 4158 καί
397 4100 425 4158 εἰ
443 4105 564 4178 πράττεις
729 4103 794 4172 121)
812 4105 847 4156 (Ῑλ
867 4105 934 4156 etiam
955 4105 1039 4156 Ettic.
1054 4100 1122 4155 'Eud
1142 4105 1167 4165 l,
1187 4103 1217 4165 8,
1240 4103 1285 4155 ll:
1305 4099 1359 4155 ciui

337 4196 398 4250 οὐδὲ
417 4196 449 4262 δὴ
467 4197 494 4249 τὸ
512 4195 603 4249 κοινὸν
621 4193 728 4265 ἀγαθὸν
747 4193 821 4246 ταύτὸ
840 4193 870 4265 τῇ
885 4193 958 4264 ἰδέᾳ·
977 4191 1042 4244 πᾶσι
1052 4191 1106 4262 γὰρ
1126 4185 1240 4262 ὑπάρχει
1258 4192 1362 4245 κοινόν.
