<?xml version="1.0" encoding="UTF-8"?>
<!DOCTYPE html PUBLIC "-//W3C//DTD XHTML 1.0 Transitional//EN"
    "http://www.w3.org/TR/xhtml1/DTD/xhtml1-transitional.dtd">
<html xmlns="http://www.w3.org/1999/xhtml" xml:lang="en" lang="en">
 <head>
  <title>
</title>
<meta http-equiv="Content-Type" content="text/html;charset=utf-8" />
  <meta name='ocr-system' content='tesseract 3.04.00' />
  <meta name='ocr-capabilities' content='ocr_page ocr_carea ocr_par ocr_line ocrx_word'/>
</head>
<body>
  <div class='ocr_page' id='page_1' title='image "./dearistotelisez00thomgoog_0312.png"; bbox 0 0 2950 5076; ppageno 0'>
   <div class='ocr_carea' id='block_1_1' title="bbox 772 386 887 472">
    <p class='ocr_par' dir='ltr' id='par_1_1' title="bbox 772 386 887 472">
     <span class='ocr_line' id='line_1_1' title="bbox 772 386 887 472; baseline 0 -17"><span class='ocrx_word' id='word_1_1' title='bbox 772 386 887 472; x_wconf 57' lang='grc' dir='ltr'><strong>ιιι1</strong></span> 
     </span>
    </p>
   </div>
   <div class='ocr_carea' id='block_1_2' title="bbox 229 570 1357 697">
    <p class='ocr_par' dir='ltr' id='par_1_2' title="bbox 229 570 1357 697">
     <span class='ocr_line' id='line_1_2' title="bbox 229 570 1357 697; baseline -0.006 -56"><span class='ocrx_word' id='word_1_2' title='bbox 229 579 276 642; x_wconf 84' lang='lat' dir='ltr'><strong>i.:</strong></span> <span class='ocrx_word' id='word_1_3' title='bbox 272 577 484 660; x_wconf 79' lang='grc' dir='ltr'>πολυσχιδὲς</span> <span class='ocrx_word' id='word_1_4' title='bbox 505 577 538 638; x_wconf 78' lang='grc' dir='ltr'><strong>δὲ</strong></span> <span class='ocrx_word' id='word_1_5' title='bbox 560 577 613 638; x_wconf 87' lang='grc' dir='ltr'><strong>καὶ</strong></span> <span class='ocrx_word' id='word_1_6' title='bbox 587 573 824 697; x_wconf 77' lang='grc' dir='ltr'>πολύρριζον</span> <span class='ocrx_word' id='word_1_7' title='bbox 849 576 888 636; x_wconf 72' lang='lat' dir='ltr'><strong>od</strong></span> <span class='ocrx_word' id='word_1_8' title='bbox 908 600 966 696; x_wconf 85' lang='grc' dir='ltr'><strong>μην</strong></span> <span class='ocrx_word' id='word_1_9' title='bbox 987 573 1075 637; x_wconf 80' lang='grc' dir='ltr'><strong>κατοί</strong></span> <span class='ocrx_word' id='word_1_10' title='bbox 1099 577 1218 657; x_wconf 65' lang='grc' dir='ltr'><strong>βρίθους</strong></span> <span class='ocrx_word' id='word_1_11' title='bbox 1239 598 1273 656; x_wconf 87' lang='grc' dir='ltr'><strong>γε</strong></span> <span class='ocrx_word' id='word_1_12' title='bbox 1296 570 1357 648; x_wconf 82' lang='grc' dir='ltr'><strong>τρίς</strong></span> 
     </span>
    </p>
   </div>
   <div class='ocr_carea' id='block_1_3' title="bbox 70 679 1360 1167">
    <p class='ocr_par' dir='ltr' id='par_1_3' title="bbox 70 679 1359 1164">
     <span class='ocr_line' id='line_1_3' title="bbox 227 679 443 761; baseline 0.006 -21"><span class='ocrx_word' id='word_1_13' title='bbox 227 679 352 761; x_wconf 38' lang='grc' dir='ltr'><strong>ῥίζαςί</strong></span> <span class='ocrx_word' id='word_1_14' title='bbox 333 704 443 761; x_wconf 84' lang='grc' dir='ltr'><em>εχον.</em></span> 
     </span>
     <span class='ocr_line' id='line_1_4' title="bbox 70 733 1356 878; baseline -0.002 -33"><span class='ocrx_word' id='word_1_15' title='bbox 70 809 73 816; x_wconf 76' lang='grc'><strong>’</strong></span> <span class='ocrx_word' id='word_1_16' title='bbox 126 767 128 772; x_wconf 27' lang='lat'>⁸</span> <span class='ocrx_word' id='word_1_17' title='bbox 234 777 239 786; x_wconf 54' lang='lat'><strong>⁴</strong></span> <span class='ocrx_word' id='word_1_18' title='bbox 312 785 402 862; x_wconf 83' lang='lat' dir='ltr'>Apud</span> <span class='ocrx_word' id='word_1_19' title='bbox 426 733 624 869; x_wconf 80' lang='lat' dir='ltr'><strong>Aristotelem,</strong></span> <span class='ocrx_word' id='word_1_20' title='bbox 655 793 689 842; x_wconf 90' lang='lat' dir='ltr'><strong>ut</strong></span> <span class='ocrx_word' id='word_1_21' title='bbox 712 783 750 842; x_wconf 85' lang='lat' dir='ltr'><strong>ad</strong></span> <span class='ocrx_word' id='word_1_22' title='bbox 774 803 842 842; x_wconf 89' lang='lat' dir='ltr'><strong>eum</strong></span> <span class='ocrx_word' id='word_1_23' title='bbox 861 792 1002 854; x_wconf 85' lang='lat' dir='ltr'><strong>revertar,</strong></span> <span class='ocrx_word' id='word_1_24' title='bbox 1023 739 1170 878; x_wconf 87' lang='lat' dir='ltr'><strong>particula</strong></span> <span class='ocrx_word' id='word_1_25' title='bbox 1202 775 1260 861; x_wconf 83' lang='grc' dir='ltr'><strong>μήν</strong></span> <span class='ocrx_word' id='word_1_26' title='bbox 1294 783 1356 842; x_wconf 84' lang='lat' dir='ltr'><strong>fere</strong></span> 
     </span>
     <span class='ocr_line' id='line_1_5' title="bbox 189 875 1357 970; baseline -0.002 -26"><span class='ocrx_word' id='word_1_27' title='bbox 189 902 192 914; x_wconf 70' lang='lat'><strong>¹</strong></span> <span class='ocrx_word' id='word_1_28' title='bbox 226 887 290 964; x_wconf 85' lang='lat' dir='ltr'><strong>pari</strong></span> <span class='ocrx_word' id='word_1_29' title='bbox 312 906 434 946; x_wconf 88' lang='lat' dir='ltr'><strong>numero</strong></span> <span class='ocrx_word' id='word_1_30' title='bbox 458 895 548 965; x_wconf 87' lang='lat' dir='ltr'><strong>atquc</strong></span> <span class='ocrx_word' id='word_1_31' title='bbox 571 887 600 944; x_wconf 89' lang='lat' dir='ltr'><strong>in</strong></span> <span class='ocrx_word' id='word_1_32' title='bbox 622 875 686 944; x_wconf 90' lang='lat' dir='ltr'><strong>Met</strong></span> <span class='ocrx_word' id='word_1_33' title='bbox 674 886 837 964; x_wconf 86' lang='lat' dir='ltr'><strong>taphysicis</strong></span> <span class='ocrx_word' id='word_1_34' title='bbox 869 887 1018 970; x_wconf 88' lang='lat' dir='ltr'><strong>ponitur</strong></span> <span class='ocrx_word' id='word_1_35' title='bbox 1010 907 1040 944; x_wconf 89' lang='lat' dir='ltr'><strong>m</strong></span> <span class='ocrx_word' id='word_1_36' title='bbox 1059 886 1198 964; x_wconf 72' lang='lat' dir='ltr'><strong>Physicis</strong></span> <span class='ocrx_word' id='word_1_37' title='bbox 1227 893 1255 944; x_wconf 88' lang='lat' dir='ltr'><strong>et</strong></span> <span class='ocrx_word' id='word_1_38' title='bbox 1278 884 1357 943; x_wconf 88' lang='lat' dir='ltr'><strong>Poli-</strong></span> 
     </span>
     <span class='ocr_line' id='line_1_6' title="bbox 228 983 1358 1059; baseline 0.002 -14"><span class='ocrx_word' id='word_1_39' title='bbox 228 988 301 1059; x_wconf 83' lang='lat' dir='ltr'><strong>ticis‚</strong></span> <span class='ocrx_word' id='word_1_40' title='bbox 322 989 413 1050; x_wconf 91' lang='lat' dir='ltr'><strong>multo</strong></span> <span class='ocrx_word' id='word_1_41' title='bbox 437 989 531 1054; x_wconf 87' lang='lat' dir='ltr'><strong>rarius</strong></span> <span class='ocrx_word' id='word_1_42' title='bbox 562 989 592 1045; x_wconf 89' lang='lat' dir='ltr'><strong>in</strong></span> <span class='ocrx_word' id='word_1_43' title='bbox 624 987 740 1046; x_wconf 83' lang='lat' dir='ltr'><strong>Ethicis</strong></span> <span class='ocrx_word' id='word_1_44' title='bbox 766 996 796 1045; x_wconf 90' lang='lat' dir='ltr'><strong>et</strong></span> <span class='ocrx_word' id='word_1_45' title='bbox 823 987 914 1046; x_wconf 89' lang='lat' dir='ltr'><strong>libris</strong></span> <span class='ocrx_word' id='word_1_46' title='bbox 930 987 968 1046; x_wconf 91' lang='lat' dir='ltr'><strong>de</strong></span> <span class='ocrx_word' id='word_1_47' title='bbox 991 988 1098 1048; x_wconf 87' lang='lat' dir='ltr'><strong>anima.</strong></span> <span class='ocrx_word' id='word_1_48' title='bbox 1139 987 1241 1054; x_wconf 82' lang='lat' dir='ltr'><strong>Ethic.</strong></span> <span class='ocrx_word' id='word_1_49' title='bbox 1267 983 1358 1047; x_wconf 76' lang='lat'>1175</span> 
     </span>
     <span class='ocr_line' id='line_1_7' title="bbox 229 1060 1360 1167; baseline -0.003 -21"><span class='ocrx_word' id='word_1_50' title='bbox 229 1089 255 1152; x_wconf 94' lang='lat' dir='ltr'>b</span> <span class='ocrx_word' id='word_1_51' title='bbox 275 1085 317 1150; x_wconf 85' lang='lat'><strong>34</strong></span> <span class='ocrx_word' id='word_1_52' title='bbox 341 1110 392 1148; x_wconf 88' lang='lat' dir='ltr'><strong>cur</strong></span> <span class='ocrx_word' id='word_1_53' title='bbox 407 1090 594 1148; x_wconf 81' lang='lat' dir='ltr'><strong>Bchkerus&#39;</strong></span> <span class='ocrx_word' id='word_1_54' title='bbox 587 1111 615 1147; x_wconf 86' lang='grc' dir='ltr'><strong>ιιι</strong></span> <span class='ocrx_word' id='word_1_55' title='bbox 632 1089 759 1148; x_wconf 81' lang='lat' dir='ltr'><strong>editione</strong></span> <span class='ocrx_word' id='word_1_56' title='bbox 784 1089 914 1147; x_wconf 73' lang='lat' dir='ltr'><strong>minore·</strong></span> <span class='ocrx_word' id='word_1_57' title='bbox 940 1084 976 1144; x_wconf 81' lang='lat' dir='ltr'><strong>od</strong></span> <span class='ocrx_word' id='word_1_58' title='bbox 1000 1083 1052 1167; x_wconf 75' lang='grc' dir='ltr'><strong>μὲν</strong></span> <span class='ocrx_word' id='word_1_59' title='bbox 1074 1083 1152 1144; x_wconf 74' lang='grc' dir='ltr'>ἔοικέ</span> <span class='ocrx_word' id='word_1_60' title='bbox 1172 1107 1205 1164; x_wconf 91' lang='grc' dir='ltr'><strong>γε</strong></span> <span class='ocrx_word' id='word_1_61' title='bbox 1229 1108 1244 1155; x_wconf 88' lang='grc' dir='ltr'><em>η</em></span> <span class='ocrx_word' id='word_1_62' title='bbox 1236 1060 1360 1156; x_wconf 73' lang='grc' dir='ltr'><strong>’ἡδονη</strong></span> 
     </span>
    </p>
   </div>
   <div class='ocr_carea' id='block_1_4' title="bbox 152 1187 1358 1270">
    <p class='ocr_par' dir='ltr' id='par_1_4' title="bbox 152 1187 1358 1270">
     <span class='ocr_line' id='line_1_8' title="bbox 152 1187 1358 1270; baseline -0.003 -22"><span class='ocrx_word' id='word_1_63' title='bbox 152 1253 155 1258; x_wconf 20' lang='grc' dir='ltr'><strong>Δ</strong></span> <span class='ocrx_word' id='word_1_64' title='bbox 227 1189 293 1268; x_wconf 85' lang='lat' dir='ltr'><strong>sqq.</strong></span> <span class='ocrx_word' id='word_1_65' title='bbox 316 1193 468 1268; x_wconf 85' lang='lat' dir='ltr'><strong>amaj,orc</strong></span> <span class='ocrx_word' id='word_1_66' title='bbox 479 1192 541 1252; x_wconf 88' lang='lat' dir='ltr'><strong>ubi</strong></span> <span class='ocrx_word' id='word_1_67' title='bbox 565 1210 622 1270; x_wconf 79' lang='grc' dir='ltr'><strong>μην</strong></span> <span class='ocrx_word' id='word_1_68' title='bbox 645 1211 711 1248; x_wconf 89' lang='lat' dir='ltr'><strong>cum</strong></span> <span class='ocrx_word' id='word_1_69' title='bbox 734 1191 868 1249; x_wconf 89' lang='lat' dir='ltr'><strong>omnibus</strong></span> <span class='ocrx_word' id='word_1_70' title='bbox 892 1189 1042 1250; x_wconf 83' lang='lat' dir='ltr'><strong>codicibus</strong></span> <span class='ocrx_word' id='word_1_71' title='bbox 1064 1190 1164 1262; x_wconf 87' lang='lat' dir='ltr'><strong>hahet,</strong></span> <span class='ocrx_word' id='word_1_72' title='bbox 1196 1187 1358 1260; x_wconf 83' lang='lat' dir='ltr'><strong>recesserit,</strong></span> 
     </span>
    </p>
   </div>
   <div class='ocr_carea' id='block_1_5' title="bbox 23 1281 1361 1472">
    <p class='ocr_par' dir='ltr' id='par_1_5' title="bbox 23 1281 1361 1472">
     <span class='ocr_line' id='line_1_9' title="bbox 35 1281 1359 1380; baseline -0.005 -30"><span class='ocrx_word' id='word_1_73' title='bbox 35 1353 40 1361; x_wconf 75' lang='grc'><strong><em>,</em></strong></span> <span class='ocrx_word' id='word_1_74' title='bbox 119 1295 121 1300; x_wconf 79' lang='grc'>’</span> <span class='ocrx_word' id='word_1_75' title='bbox 227 1311 285 1348; x_wconf 88' lang='lat' dir='ltr'><strong>non</strong></span> <span class='ocrx_word' id='word_1_76' title='bbox 306 1291 409 1365; x_wconf 82' lang='lat' dir='ltr'><strong>vide03</strong></span> <span class='ocrx_word' id='word_1_77' title='bbox 433 1294 488 1352; x_wconf 91' lang='lat' dir='ltr'><strong>nisi</strong></span> <span class='ocrx_word' id='word_1_78' title='bbox 508 1281 684 1372; x_wconf 75' lang='lat' dir='ltr'><strong>typothetae</strong></span> <span class='ocrx_word' id='word_1_79' title='bbox 707 1311 805 1352; x_wconf 84' lang='lat' dir='ltr'><strong>errore</strong></span> <span class='ocrx_word' id='word_1_80' title='bbox 824 1291 898 1350; x_wconf 91' lang='lat' dir='ltr'><strong>illud</strong></span> <span class='ocrx_word' id='word_1_81' title='bbox 920 1293 1030 1351; x_wconf 89' lang='lat' dir='ltr'><strong>factum</strong></span> <span class='ocrx_word' id='word_1_82' title='bbox 1053 1301 1107 1354; x_wconf 84' lang='lat' dir='ltr'><strong>est.</strong></span> <span class='ocrx_word' id='word_1_83' title='bbox 1134 1286 1172 1346; x_wconf 79' lang='lat' dir='ltr'><strong>od</strong></span> <span class='ocrx_word' id='word_1_84' title='bbox 1193 1283 1250 1369; x_wconf 74' lang='grc' dir='ltr'><strong>μὴν</strong></span> <span class='ocrx_word' id='word_1_85' title='bbox 1274 1283 1359 1380; x_wconf 68' lang='lat' dir='ltr'><strong>eddi,</strong></span> 
     </span>
     <span class='ocr_line' id='line_1_10' title="bbox 23 1389 1361 1472; baseline -0.005 -17"><span class='ocrx_word' id='word_1_86' title='bbox 23 1391 26 1398; x_wconf 72' lang='grc'><strong>’</strong></span> <span class='ocrx_word' id='word_1_87' title='bbox 132 1469 135 1472; x_wconf 21' lang='lat'>¹</span> <span class='ocrx_word' id='word_1_88' title='bbox 227 1393 270 1468; x_wconf 63' lang='lat' dir='ltr'><strong>ci„</strong></span> <span class='ocrx_word' id='word_1_89' title='bbox 289 1389 419 1472; x_wconf 84' lang='lat' dir='ltr'><strong>Kriiger.</strong></span> <span class='ocrx_word' id='word_1_90' title='bbox 444 1395 481 1453; x_wconf 86' lang='lat' dir='ltr'><strong>ad</strong></span> <span class='ocrx_word' id='word_1_91' title='bbox 496 1393 635 1472; x_wconf 80' lang='lat' dir='ltr'><strong>Thucyd.</strong></span> <span class='ocrx_word' id='word_1_92' title='bbox 659 1395 683 1456; x_wconf 91' lang='grc' dir='ltr'><strong>Ι.</strong></span> <span class='ocrx_word' id='word_1_93' title='bbox 706 1393 735 1468; x_wconf 87' lang='grc'><strong>3,</strong></span> <span class='ocrx_word' id='word_1_94' title='bbox 761 1393 797 1468; x_wconf 77' lang='lat'><strong>43</strong></span> <span class='ocrx_word' id='word_1_95' title='bbox 820 1395 862 1456; x_wconf 92' lang='grc' dir='ltr'><strong>ΙΙ.</strong></span> <span class='ocrx_word' id='word_1_96' title='bbox 885 1391 935 1469; x_wconf 84' lang='grc'><strong>07,</strong></span> <span class='ocrx_word' id='word_1_97' title='bbox 961 1395 995 1466; x_wconf 83' lang='lat'><strong>5;</strong></span> <span class='ocrx_word' id='word_1_98' title='bbox 1017 1394 1063 1461; x_wconf 88' lang='lat' dir='ltr'><strong>his</strong></span> <span class='ocrx_word' id='word_1_99' title='bbox 1086 1403 1199 1460; x_wconf 83' lang='lat' dir='ltr'><strong>tantum</strong></span> <span class='ocrx_word' id='word_1_100' title='bbox 1224 1393 1295 1452; x_wconf 91' lang='lat' dir='ltr'><strong>locis</strong></span> <span class='ocrx_word' id='word_1_101' title='bbox 1316 1393 1361 1450; x_wconf 90' lang='lat' dir='ltr'><strong>in-</strong></span> 
     </span>
    </p>
   </div>
   <div class='ocr_carea' id='block_1_6' title="bbox 187 1477 1427 2186">
    <p class='ocr_par' dir='ltr' id='par_1_6' title="bbox 225 1477 1040 1568">
     <span class='ocr_line' id='line_1_11' title="bbox 225 1477 1040 1568; baseline 0.006 -15"><span class='ocrx_word' id='word_1_102' title='bbox 225 1496 315 1554; x_wconf 63' lang='lat' dir='ltr'><strong>veni:</strong></span> <span class='ocrx_word' id='word_1_103' title='bbox 338 1496 404 1558; x_wconf 89' lang='lat' dir='ltr'><strong>Pol.</strong></span> <span class='ocrx_word' id='word_1_104' title='bbox 429 1477 522 1560; x_wconf 78' lang='lat' dir='ltr'><strong>reso.</strong></span> <span class='ocrx_word' id='word_1_105' title='bbox 544 1497 572 1558; x_wconf 82' lang='lat' dir='ltr'><strong>s.</strong></span> <span class='ocrx_word' id='word_1_106' title='bbox 596 1495 652 1568; x_wconf 75' lang='grc' dir='ltr'><strong>ει,</strong></span> <span class='ocrx_word' id='word_1_107' title='bbox 697 1496 795 1556; x_wconf 70' lang='lat' dir='ltr'><strong>essse.</strong></span> <span class='ocrx_word' id='word_1_108' title='bbox 824 1495 914 1558; x_wconf 78' lang='lat' dir='ltr'><strong>urs.</strong></span> <span class='ocrx_word' id='word_1_109' title='bbox 939 1487 965 1559; x_wconf 56' lang='lat' dir='ltr'><strong>a:</strong></span> <span class='ocrx_word' id='word_1_110' title='bbox 991 1495 1040 1558; x_wconf 83' lang='lat'><strong>13.</strong></span> 
     </span>
    </p>

    <p class='ocr_par' dir='ltr' id='par_1_7' title="bbox 187 1589 1427 2186">
     <span class='ocr_line' id='line_1_12' title="bbox 253 1589 1360 1676; baseline -0.004 -19"><span class='ocrx_word' id='word_1_111' title='bbox 253 1590 257 1597; x_wconf 44' lang='lat'><strong>¹</strong></span> <span class='ocrx_word' id='word_1_112' title='bbox 312 1598 382 1657; x_wconf 78' lang='lat' dir='ltr'><strong>dam</strong></span> <span class='ocrx_word' id='word_1_113' title='bbox 403 1597 561 1658; x_wconf 88' lang='lat' dir='ltr'><strong>dicendum</strong></span> <span class='ocrx_word' id='word_1_114' title='bbox 586 1605 631 1656; x_wconf 87' lang='lat' dir='ltr'><strong>est</strong></span> <span class='ocrx_word' id='word_1_115' title='bbox 653 1597 691 1656; x_wconf 88' lang='lat' dir='ltr'><strong>de</strong></span> <span class='ocrx_word' id='word_1_116' title='bbox 714 1599 859 1676; x_wconf 82' lang='lat' dir='ltr'><strong>particula</strong></span> <span class='ocrx_word' id='word_1_117' title='bbox 883 1589 941 1676; x_wconf 73' lang='grc' dir='ltr'><strong>μήν</strong></span> <span class='ocrx_word' id='word_1_118' title='bbox 964 1599 994 1656; x_wconf 91' lang='lat' dir='ltr'><strong>in</strong></span> <span class='ocrx_word' id='word_1_119' title='bbox 1017 1597 1147 1656; x_wconf 87' lang='lat' dir='ltr'><strong>Poeticis</strong></span> <span class='ocrx_word' id='word_1_120' title='bbox 1172 1606 1202 1655; x_wconf 88' lang='lat' dir='ltr'><strong>et</strong></span> <span class='ocrx_word' id='word_1_121' title='bbox 1222 1595 1360 1654; x_wconf 83' lang='lat' dir='ltr'><strong>Rhetori-</strong></span> 
     </span>
     <span class='ocr_line' id='line_1_13' title="bbox 228 1697 1362 1772; baseline 0 -16"><span class='ocrx_word' id='word_1_122' title='bbox 228 1700 278 1760; x_wconf 86' lang='lat' dir='ltr'><strong>cis.</strong></span> <span class='ocrx_word' id='word_1_123' title='bbox 325 1699 414 1772; x_wconf 83' lang='lat' dir='ltr'><strong>Quod</strong></span> <span class='ocrx_word' id='word_1_124' title='bbox 432 1702 462 1758; x_wconf 90' lang='lat' dir='ltr'><strong>in</strong></span> <span class='ocrx_word' id='word_1_125' title='bbox 484 1701 542 1758; x_wconf 91' lang='lat' dir='ltr'><strong>illis</strong></span> <span class='ocrx_word' id='word_1_126' title='bbox 565 1700 657 1758; x_wconf 90' lang='lat' dir='ltr'><strong>semel</strong></span> <span class='ocrx_word' id='word_1_127' title='bbox 686 1706 799 1758; x_wconf 88' lang='lat' dir='ltr'><strong>tantum</strong></span> <span class='ocrx_word' id='word_1_128' title='bbox 831 1698 922 1761; x_wconf 76' lang='lat'>1451.</span> <span class='ocrx_word' id='word_1_129' title='bbox 946 1699 974 1760; x_wconf 84' lang='lat' dir='ltr'><strong>b.</strong></span> <span class='ocrx_word' id='word_1_130' title='bbox 999 1697 1047 1759; x_wconf 85' lang='grc'><strong>19·</strong></span> <span class='ocrx_word' id='word_1_131' title='bbox 1069 1699 1226 1772; x_wconf 85' lang='lat' dir='ltr'><strong>invenitur,</strong></span> <span class='ocrx_word' id='word_1_132' title='bbox 1264 1699 1362 1756; x_wconf 85' lang='lat' dir='ltr'><strong>minus</strong></span> 
     </span>
     <span class='ocr_line' id='line_1_14' title="bbox 187 1798 1361 1888; baseline -0.003 -29"><span class='ocrx_word' id='word_1_133' title='bbox 187 1829 195 1888; x_wconf 34' lang='grc' dir='ltr'><em>ζ</em></span> <span class='ocrx_word' id='word_1_134' title='bbox 228 1801 352 1859; x_wconf 83' lang='lat' dir='ltr'><strong>offendit</strong></span> <span class='ocrx_word' id='word_1_135' title='bbox 374 1811 496 1882; x_wconf 90' lang='lat' dir='ltr'><strong>propter</strong></span> <span class='ocrx_word' id='word_1_136' title='bbox 516 1822 640 1880; x_wconf 87' lang='lat' dir='ltr'><strong>parvum</strong></span> <span class='ocrx_word' id='word_1_137' title='bbox 667 1802 755 1877; x_wconf 88' lang='lat' dir='ltr'><strong>hujus</strong></span> <span class='ocrx_word' id='word_1_138' title='bbox 778 1801 870 1859; x_wconf 86' lang='lat' dir='ltr'><strong>libelli</strong></span> <span class='ocrx_word' id='word_1_139' title='bbox 892 1801 1049 1874; x_wconf 82' lang='lat' dir='ltr'><strong>ambitum3</strong></span> <span class='ocrx_word' id='word_1_140' title='bbox 1086 1801 1140 1859; x_wconf 89' lang='lat' dir='ltr'><strong>sed</strong></span> <span class='ocrx_word' id='word_1_141' title='bbox 1176 1799 1246 1880; x_wconf 90' lang='lat' dir='ltr'><strong>quid</strong></span> <span class='ocrx_word' id='word_1_142' title='bbox 1283 1798 1361 1857; x_wconf 89' lang='lat' dir='ltr'><strong>dicis</strong></span> 
     </span>
     <span class='ocr_line' id='line_1_15' title="bbox 227 1895 1361 1982; baseline -0.004 -22"><span class='ocrx_word' id='word_1_143' title='bbox 227 1903 265 1962; x_wconf 93' lang='lat' dir='ltr'><strong>de</strong></span> <span class='ocrx_word' id='word_1_144' title='bbox 287 1897 463 1977; x_wconf 82' lang='lat' dir='ltr'><strong>Rhetoricis,</strong></span> <span class='ocrx_word' id='word_1_145' title='bbox 489 1904 539 1962; x_wconf 93' lang='lat' dir='ltr'><strong>ubi</strong></span> <span class='ocrx_word' id='word_1_146' title='bbox 560 1904 639 1962; x_wconf 89' lang='lat' dir='ltr'><strong>nullo</strong></span> <span class='ocrx_word' id='word_1_147' title='bbox 655 1904 712 1962; x_wconf 87' lang='lat' dir='ltr'><strong>alio</strong></span> <span class='ocrx_word' id='word_1_148' title='bbox 727 1904 791 1962; x_wconf 89' lang='lat' dir='ltr'><strong>loco</strong></span> <span class='ocrx_word' id='word_1_149' title='bbox 816 1895 874 1982; x_wconf 76' lang='grc' dir='ltr'><strong>μὴν</strong></span> <span class='ocrx_word' id='word_1_150' title='bbox 892 1903 923 1960; x_wconf 88' lang='lat' dir='ltr'><strong>in</strong></span> <span class='ocrx_word' id='word_1_151' title='bbox 946 1923 1002 1962; x_wconf 89' lang='lat' dir='ltr'><strong>usu</strong></span> <span class='ocrx_word' id='word_1_152' title='bbox 1026 1912 1071 1962; x_wconf 89' lang='lat' dir='ltr'><strong>est</strong></span> <span class='ocrx_word' id='word_1_153' title='bbox 1092 1902 1149 1960; x_wconf 86' lang='lat' dir='ltr'><strong>nisi</strong></span> <span class='ocrx_word' id='word_1_154' title='bbox 1168 1901 1239 1960; x_wconf 72' lang='lat' dir='ltr'><strong>h‘oc:</strong></span> <span class='ocrx_word' id='word_1_155' title='bbox 1267 1899 1361 1962; x_wconf 82' lang='lat'>1361.</span> 
     </span>
     <span class='ocr_line' id='line_1_16' title="bbox 228 1995 1427 2086; baseline -0.005 -22"><span class='ocrx_word' id='word_1_156' title='bbox 228 2026 254 2064; x_wconf 85' lang='lat' dir='ltr'><strong>a.</strong></span> <span class='ocrx_word' id='word_1_157' title='bbox 279 2003 335 2066; x_wconf 77' lang='lat'><strong>29:</strong></span> <span class='ocrx_word' id='word_1_158' title='bbox 365 1998 440 2082; x_wconf 65' lang='grc' dir='ltr'>τιμὴ</span> <span class='ocrx_word' id='word_1_159' title='bbox 461 1999 560 2061; x_wconf 76' lang='grc' dir='ltr'><em>δ’ἐστὶ</em></span> <span class='ocrx_word' id='word_1_160' title='bbox 580 2000 634 2082; x_wconf 76' lang='grc' dir='ltr'><strong>μὲν</strong></span> <span class='ocrx_word' id='word_1_161' title='bbox 655 2012 785 2080; x_wconf 83' lang='grc' dir='ltr'><em>σημεῖον</em></span> <span class='ocrx_word' id='word_1_162' title='bbox 809 1999 992 2086; x_wconf 78' lang='grc' dir='ltr'><em>εὐεργετικῆς</em></span> <span class='ocrx_word' id='word_1_163' title='bbox 1016 1995 1121 2073; x_wconf 79' lang='grc' dir='ltr'><em>δόξης,</em></span> <span class='ocrx_word' id='word_1_164' title='bbox 1149 2009 1304 2081; x_wconf 77' lang='grc' dir='ltr'>τιμῶνται</span> <span class='ocrx_word' id='word_1_165' title='bbox 1328 1997 1362 2058; x_wconf 75' lang='grc' dir='ltr'><strong>δὲ</strong></span> <span class='ocrx_word' id='word_1_166' title='bbox 1420 2061 1427 2072; x_wconf 47' lang='lat'><strong>„</strong></span> 
     </span>
     <span class='ocr_line' id='line_1_17' title="bbox 199 2085 1363 2186; baseline -0.004 -23"><span class='ocrx_word' id='word_1_167' title='bbox 199 2103 205 2114; x_wconf 87' lang='lat'>&#39;</span> <span class='ocrx_word' id='word_1_168' title='bbox 228 2103 351 2176; x_wconf 77' lang='grc' dir='ltr'>δικαίως</span> <span class='ocrx_word' id='word_1_169' title='bbox 367 2101 421 2184; x_wconf 83' lang='grc' dir='ltr'><strong>μὲν</strong></span> <span class='ocrx_word' id='word_1_170' title='bbox 435 2103 489 2162; x_wconf 85' lang='grc' dir='ltr'><strong>καὶ</strong></span> <span class='ocrx_word' id='word_1_171' title='bbox 503 2098 647 2186; x_wconf 76' lang='grc' dir='ltr'>μάλιστα</span> <span class='ocrx_word' id='word_1_172' title='bbox 665 2107 694 2162; x_wconf 81' lang='lat' dir='ltr'><strong>oi</strong></span> <span class='ocrx_word' id='word_1_173' title='bbox 718 2097 956 2184; x_wconf 68' lang='grc' dir='ltr'><em>εὐεργετηκότες,</em></span> <span class='ocrx_word' id='word_1_174' title='bbox 991 2101 1028 2162; x_wconf 81' lang='lat' dir='ltr'><strong>od</strong></span> <span class='ocrx_word' id='word_1_175' title='bbox 1049 2098 1108 2185; x_wconf 70' lang='lat' dir='ltr'><strong>pulv</strong></span> <span class='ocrx_word' id='word_1_176' title='bbox 1124 2097 1209 2162; x_wconf 79' lang='grc' dir='ltr'><strong>ἀλλὰ</strong></span> <span class='ocrx_word' id='word_1_177' title='bbox 1226 2085 1363 2182; x_wconf 82' lang='grc' dir='ltr'>τιμᾶται</span> 
     </span>
    </p>
   </div>
   <div class='ocr_carea' id='block_1_7' title="bbox 82 2200 1362 2294">
    <p class='ocr_par' dir='ltr' id='par_1_8' title="bbox 82 2200 1362 2294">
     <span class='ocr_line' id='line_1_18' title="bbox 82 2200 1362 2294; baseline -0.003 -29"><span class='ocrx_word' id='word_1_178' title='bbox 82 2267 84 2272; x_wconf 68' lang='grc'><strong>,</strong></span> <span class='ocrx_word' id='word_1_179' title='bbox 172 2205 174 2210; x_wconf 70' lang='grc'><strong>’</strong></span> <span class='ocrx_word' id='word_1_180' title='bbox 229 2205 282 2265; x_wconf 84' lang='grc' dir='ltr'><strong>καὶ</strong></span> <span class='ocrx_word' id='word_1_181' title='bbox 304 2204 321 2265; x_wconf 89' lang='grc' dir='ltr'>ὁ</span> <span class='ocrx_word' id='word_1_182' title='bbox 343 2200 512 2286; x_wconf 76' lang='grc' dir='ltr'><em>δυνάμενος</em></span> <span class='ocrx_word' id='word_1_183' title='bbox 526 2201 713 2288; x_wconf 70' lang='grc' dir='ltr'><em>εὐεργετεῖν.</em></span> <span class='ocrx_word' id='word_1_184' title='bbox 734 2204 786 2294; x_wconf 62' lang='lat' dir='ltr'><strong>(ex</strong></span> <span class='ocrx_word' id='word_1_185' title='bbox 809 2204 976 2270; x_wconf 82' lang='lat' dir='ltr'><strong>Rhetoricis</strong></span> <span class='ocrx_word' id='word_1_186' title='bbox 998 2217 1030 2265; x_wconf 86' lang='lat' dir='ltr'><strong>ut</strong></span> <span class='ocrx_word' id='word_1_187' title='bbox 1055 2227 1093 2266; x_wconf 89' lang='lat' dir='ltr'><strong>ex</strong></span> <span class='ocrx_word' id='word_1_188' title='bbox 1116 2208 1222 2266; x_wconf 87' lang='lat' dir='ltr'><strong>ceteris</strong></span> <span class='ocrx_word' id='word_1_189' title='bbox 1244 2205 1362 2283; x_wconf 86' lang='lat' dir='ltr'><strong>scriptis</strong></span> 
     </span>
    </p>
   </div>
   <div class='ocr_carea' id='block_1_8' title="bbox 171 2300 1365 2704">
    <p class='ocr_par' dir='ltr' id='par_1_9' title="bbox 171 2300 1365 2696">
     <span class='ocr_line' id='line_1_19' title="bbox 230 2300 1361 2390; baseline -0.004 -21"><span class='ocrx_word' id='word_1_190' title='bbox 230 2331 280 2370; x_wconf 90' lang='lat' dir='ltr'><strong>eos</strong></span> <span class='ocrx_word' id='word_1_191' title='bbox 303 2312 384 2370; x_wconf 91' lang='lat' dir='ltr'><strong>locos</strong></span> <span class='ocrx_word' id='word_1_192' title='bbox 400 2317 465 2368; x_wconf 77' lang='lat' dir='ltr'><strong>&#39;non</strong></span> <span class='ocrx_word' id='word_1_193' title='bbox 486 2311 596 2382; x_wconf 85' lang='lat' dir='ltr'><strong>affero,</strong></span> <span class='ocrx_word' id='word_1_194' title='bbox 632 2313 681 2390; x_wconf 90' lang='lat' dir='ltr'><strong>qui</strong></span> <span class='ocrx_word' id='word_1_195' title='bbox 703 2300 735 2374; x_wconf 81' lang='lat' dir='ltr'><strong>iri</strong></span> <span class='ocrx_word' id='word_1_196' title='bbox 758 2311 910 2372; x_wconf 88' lang='lat' dir='ltr'><strong>sententiis</strong></span> <span class='ocrx_word' id='word_1_197' title='bbox 933 2309 1055 2369; x_wconf 86' lang='lat' dir='ltr'><strong>aliorum</strong></span> <span class='ocrx_word' id='word_1_198' title='bbox 1079 2308 1117 2366; x_wconf 84' lang='lat' dir='ltr'><strong>ab</strong></span> <span class='ocrx_word' id='word_1_199' title='bbox 1138 2303 1300 2367; x_wconf 86' lang='lat' dir='ltr'><strong>Aristotele</strong></span> <span class='ocrx_word' id='word_1_200' title='bbox 1322 2306 1361 2388; x_wconf 65' lang='lat' dir='ltr'><strong>ad</strong></span> 
     </span>
     <span class='ocr_line' id='line_1_20' title="bbox 229 2409 1363 2496; baseline -0.004 -24"><span class='ocrx_word' id='word_1_201' title='bbox 229 2413 352 2472; x_wconf 84' lang='lat' dir='ltr'><strong>verbum</strong></span> <span class='ocrx_word' id='word_1_202' title='bbox 376 2413 523 2489; x_wconf 86' lang='lat' dir='ltr'><strong>expressis</strong></span> <span class='ocrx_word' id='word_1_203' title='bbox 549 2413 763 2496; x_wconf 83' lang='lat' dir='ltr'><strong>inveniuntur).</strong></span> <span class='ocrx_word' id='word_1_204' title='bbox 815 2413 1009 2491; x_wconf 77' lang='lat' dir='ltr'><strong>Quantopere</strong></span> <span class='ocrx_word' id='word_1_205' title='bbox 1035 2412 1124 2488; x_wconf 81' lang='lat' dir='ltr'><strong>igitur</strong></span> <span class='ocrx_word' id='word_1_206' title='bbox 1152 2409 1264 2468; x_wconf 86' lang='lat' dir='ltr'><strong>distent</strong></span> <span class='ocrx_word' id='word_1_207' title='bbox 1283 2409 1363 2468; x_wconf 90' lang='lat' dir='ltr'><strong>Rhe·</strong></span> 
     </span>
     <span class='ocr_line' id='line_1_21' title="bbox 171 2512 1362 2594; baseline -0.007 -18"><span class='ocrx_word' id='word_1_208' title='bbox 171 2551 175 2556; x_wconf 95' lang='lat'>·</span> <span class='ocrx_word' id='word_1_209' title='bbox 229 2515 322 2576; x_wconf 86' lang='lat' dir='ltr'><strong>torica</strong></span> <span class='ocrx_word' id='word_1_210' title='bbox 345 2520 374 2571; x_wconf 89' lang='lat' dir='ltr'><strong>et</strong></span> <span class='ocrx_word' id='word_1_211' title='bbox 397 2513 605 2592; x_wconf 82' lang='lat' dir='ltr'><strong>Metaphysica</strong></span> <span class='ocrx_word' id='word_1_212' title='bbox 626 2525 759 2594; x_wconf 77' lang='lat' dir='ltr'><strong>apparet,</strong></span> <span class='ocrx_word' id='word_1_213' title='bbox 784 2515 890 2575; x_wconf 90' lang='lat' dir='ltr'><strong>sedin</strong></span> <span class='ocrx_word' id='word_1_214' title='bbox 915 2514 1081 2573; x_wconf 85' lang='lat' dir='ltr'><strong>Rhetoricis</strong></span> <span class='ocrx_word' id='word_1_215' title='bbox 1109 2512 1273 2591; x_wconf 83' lang='lat' dir='ltr'><strong>particulae</strong></span> <span class='ocrx_word' id='word_1_216' title='bbox 1294 2529 1362 2590; x_wconf 89' lang='lat' dir='ltr'><strong>per-</strong></span> 
     </span>
     <span class='ocr_line' id='line_1_22' title="bbox 229 2611 1365 2704; baseline -0.004 -30"><span class='ocrx_word' id='word_1_217' title='bbox 229 2615 350 2704; x_wconf 82' lang='lat' dir='ltr'><strong>multae,</strong></span> <span class='ocrx_word' id='word_1_218' title='bbox 385 2635 462 2694; x_wconf 90' lang='lat' dir='ltr'><strong>quae</strong></span> <span class='ocrx_word' id='word_1_219' title='bbox 495 2617 526 2674; x_wconf 92' lang='lat' dir='ltr'><strong>in</strong></span> <span class='ocrx_word' id='word_1_220' title='bbox 561 2619 668 2677; x_wconf 85' lang='lat' dir='ltr'><strong>ceteris</strong></span> <span class='ocrx_word' id='word_1_221' title='bbox 705 2619 821 2696; x_wconf 86' lang='lat' dir='ltr'><strong>scriptis</strong></span> <span class='ocrx_word' id='word_1_222' title='bbox 855 2616 1028 2693; x_wconf 82' lang='lat' dir='ltr'><strong>saepissime</strong></span> <span class='ocrx_word' id='word_1_223' title='bbox 1060 2615 1265 2687; x_wconf 87' lang='lat' dir='ltr'><strong>inveniuntur,</strong></span> <span class='ocrx_word' id='word_1_224' title='bbox 1299 2611 1365 2671; x_wconf 84' lang='lat' dir='ltr'><strong>fere</strong></span> 
     </span>
    </p>
   </div>
   <div class='ocr_carea' id='block_1_9' title="bbox 129 2713 484 2802">
    <p class='ocr_par' dir='ltr' id='par_1_10' title="bbox 129 2713 484 2802">
     <span class='ocr_line' id='line_1_23' title="bbox 129 2713 484 2802; baseline 0.003 -26"><span class='ocrx_word' id='word_1_225' title='bbox 129 2769 132 2776; x_wconf 92' lang='lat'>.</span> <span class='ocrx_word' id='word_1_226' title='bbox 220 2713 348 2802; x_wconf 87' lang='lat' dir='ltr'><strong>&#39;prorsus</strong></span> <span class='ocrx_word' id='word_1_227' title='bbox 368 2716 484 2780; x_wconf 85' lang='lat' dir='ltr'><strong>desunt.</strong></span> 
     </span>
    </p>
   </div>
   <div class='ocr_carea' id='block_1_10' title="bbox 144 2796 1371 3212">
    <p class='ocr_par' dir='ltr' id='par_1_11' title="bbox 144 2796 1371 3212">
     <span class='ocr_line' id='line_1_24' title="bbox 317 2796 1364 2910; baseline -0.003 -33"><span class='ocrx_word' id='word_1_228' title='bbox 317 2817 404 2890; x_wconf 83' lang='lat' dir='ltr'><strong>Quod</strong></span> <span class='ocrx_word' id='word_1_229' title='bbox 426 2838 497 2878; x_wconf 89' lang='lat' dir='ltr'><strong>vero</strong></span> <span class='ocrx_word' id='word_1_230' title='bbox 522 2819 584 2879; x_wconf 84' lang='lat' dir='ltr'><strong>dixi</strong></span> <span class='ocrx_word' id='word_1_231' title='bbox 607 2812 665 2910; x_wconf 74' lang='lat' dir='ltr'><strong>priv</strong></span> <span class='ocrx_word' id='word_1_232' title='bbox 695 2796 783 2877; x_wconf 83' lang='lat' dir='ltr'><strong>inodo</strong></span> <span class='ocrx_word' id='word_1_233' title='bbox 805 2827 872 2897; x_wconf 91' lang='lat' dir='ltr'><strong>post</strong></span> <span class='ocrx_word' id='word_1_234' title='bbox 903 2809 939 2874; x_wconf 80' lang='lat' dir='ltr'><strong>od</strong></span> <span class='ocrx_word' id='word_1_235' title='bbox 974 2826 1003 2876; x_wconf 89' lang='lat' dir='ltr'><strong>et</strong></span> <span class='ocrx_word' id='word_1_236' title='bbox 1025 2809 1141 2874; x_wconf 76' lang='grc' dir='ltr'>ἄλλοί</span> <span class='ocrx_word' id='word_1_237' title='bbox 1133 2816 1268 2888; x_wconf 84' lang='lat' dir='ltr'><strong>inveniri,</strong></span> <span class='ocrx_word' id='word_1_238' title='bbox 1303 2835 1364 2874; x_wconf 89' lang='lat' dir='ltr'><strong>non</strong></span> 
     </span>
     <span class='ocr_line' id='line_1_25' title="bbox 230 2896 1371 3022; baseline -0.004 -43"><span class='ocrx_word' id='word_1_239' title='bbox 230 2921 268 2980; x_wconf 88' lang='lat' dir='ltr'><strong>de</strong></span> <span class='ocrx_word' id='word_1_240' title='bbox 289 2921 423 2980; x_wconf 90' lang='lat' dir='ltr'><strong>omnibus</strong></span> <span class='ocrx_word' id='word_1_241' title='bbox 446 2923 529 2981; x_wconf 89' lang='lat' dir='ltr'><strong>libris</strong></span> <span class='ocrx_word' id='word_1_242' title='bbox 544 2905 733 2981; x_wconf 87' lang='lat' dir='ltr'><strong>Aristoteleis</strong></span> <span class='ocrx_word' id='word_1_243' title='bbox 755 2919 874 2979; x_wconf 87' lang='lat' dir='ltr'><strong>videtur</strong></span> <span class='ocrx_word' id='word_1_244' title='bbox 896 2921 1006 2994; x_wconf 85' lang='lat' dir='ltr'><strong>valere,</strong></span> <span class='ocrx_word' id='word_1_245' title='bbox 1040 2941 1107 3022; x_wconf 84' lang='lat' dir='ltr'><strong>cum</strong></span> <span class='ocrx_word' id='word_1_246' title='bbox 1128 2919 1205 2985; x_wconf 86' lang='lat' dir='ltr'><strong>liber</strong></span> <span class='ocrx_word' id='word_1_247' title='bbox 1237 2896 1268 2976; x_wconf 89' lang='lat' dir='ltr'><strong>K</strong></span> <span class='ocrx_word' id='word_1_248' title='bbox 1299 2918 1371 2976; x_wconf 92' lang='lat' dir='ltr'><strong>Me··</strong></span> 
     </span>
     <span class='ocr_line' id='line_1_26' title="bbox 229 3007 1365 3102; baseline -0.004 -20"><span class='ocrx_word' id='word_1_249' title='bbox 229 3007 516 3102; x_wconf 79' lang='lat' dir='ltr'><strong>taphysicorumet</strong></span> <span class='ocrx_word' id='word_1_250' title='bbox 486 3025 582 3082; x_wconf 91' lang='lat' dir='ltr'><strong>etH</strong></span> <span class='ocrx_word' id='word_1_251' title='bbox 615 3023 807 3101; x_wconf 83' lang='lat' dir='ltr'><strong>Physicorum</strong></span> <span class='ocrx_word' id='word_1_252' title='bbox 840 3021 1025 3083; x_wconf 87' lang='lat' dir='ltr'><strong>dissentiant</strong></span> <span class='ocrx_word' id='word_1_253' title='bbox 1082 3023 1118 3080; x_wconf 91' lang='lat' dir='ltr'><strong>In</strong></span> <span class='ocrx_word' id='word_1_254' title='bbox 1152 3022 1252 3101; x_wconf 81' lang='lat' dir='ltr'><strong>priore</strong></span> <span class='ocrx_word' id='word_1_255' title='bbox 1285 3021 1365 3080; x_wconf 90' lang='lat' dir='ltr'><strong>enim</strong></span> 
     </span>
     <span class='ocr_line' id='line_1_27' title="bbox 144 3103 1366 3212; baseline -0.005 -28"><span class='ocrx_word' id='word_1_256' title='bbox 144 3149 160 3212; x_wconf 18' lang='lat' dir='ltr'><strong>·y</strong></span> <span class='ocrx_word' id='word_1_257' title='bbox 229 3126 296 3185; x_wconf 86' lang='lat' dir='ltr'><strong>libri</strong></span> <span class='ocrx_word' id='word_1_258' title='bbox 320 3126 351 3182; x_wconf 92' lang='lat' dir='ltr'><strong>K</strong></span> <span class='ocrx_word' id='word_1_259' title='bbox 370 3134 455 3204; x_wconf 91' lang='lat' dir='ltr'><strong>parte</strong></span> <span class='ocrx_word' id='word_1_260' title='bbox 468 3119 498 3198; x_wconf 74' lang='lat' dir='ltr'><strong>*J</strong></span> <span class='ocrx_word' id='word_1_261' title='bbox 533 3126 644 3203; x_wconf 85' lang='lat' dir='ltr'><strong>septies</strong></span> <span class='ocrx_word' id='word_1_262' title='bbox 676 3119 709 3200; x_wconf 77' lang='grc' dir='ltr'><strong>γὲ</strong></span> <span class='ocrx_word' id='word_1_263' title='bbox 747 3116 805 3202; x_wconf 71' lang='grc' dir='ltr'><strong>μήν</strong></span> <span class='ocrx_word' id='word_1_264' title='bbox 829 3103 997 3184; x_wconf 70' lang='lat' dir='ltr'><strong>adhibetur:</strong></span> <span class='ocrx_word' id='word_1_265' title='bbox 1022 3121 1113 3186; x_wconf 77' lang='lat'>1060-</span> <span class='ocrx_word' id='word_1_266' title='bbox 1139 3144 1166 3185; x_wconf 87' lang='lat' dir='ltr'><strong>a.</strong></span> <span class='ocrx_word' id='word_1_267' title='bbox 1189 3120 1227 3184; x_wconf 83' lang='lat'><strong>5:</strong></span> <span class='ocrx_word' id='word_1_268' title='bbox 1264 3115 1310 3178; x_wconf 86' lang='grc' dir='ltr'><strong>τοί</strong></span> <span class='ocrx_word' id='word_1_269' title='bbox 1329 3143 1366 3200; x_wconf 87' lang='grc' dir='ltr'><strong>γε</strong></span> 
     </span>
    </p>
   </div>
   <div class='ocr_carea' id='block_1_11' title="bbox 91 3215 1366 3306">
    <p class='ocr_par' dir='ltr' id='par_1_12' title="bbox 91 3215 1366 3306">
     <span class='ocr_line' id='line_1_28' title="bbox 91 3215 1366 3306; baseline 0.002 -21"><span class='ocrx_word' id='word_1_270' title='bbox 91 3253 94 3258; x_wconf 67' lang='grc'><strong>’</strong></span> <span class='ocrx_word' id='word_1_271' title='bbox 134 3269 136 3274; x_wconf 86' lang='grc'><strong>-</strong></span> <span class='ocrx_word' id='word_1_272' title='bbox 231 3220 290 3306; x_wconf 71' lang='grc' dir='ltr'><strong>μὴν</strong></span> <span class='ocrx_word' id='word_1_273' title='bbox 309 3220 400 3306; x_wconf 76' lang='grc' dir='ltr'><em>παρὰ</em></span> <span class='ocrx_word' id='word_1_274' title='bbox 424 3219 564 3284; x_wconf 58' lang='lat' dir='ltr'><strong>vol-xa&amp;</strong></span> <span class='ocrx_word' id='word_1_275' title='bbox 586 3221 709 3282; x_wconf 77' lang='grc' dir='ltr'>ἔίιαστα</span> <span class='ocrx_word' id='word_1_276' title='bbox 732 3215 837 3303; x_wconf 72' lang='grc' dir='ltr'><strong>γίνηῆ</strong></span> <span class='ocrx_word' id='word_1_277' title='bbox 860 3221 922 3295; x_wconf 70' lang='lat' dir='ltr'><strong>sidu</strong></span> <span class='ocrx_word' id='word_1_278' title='bbox 945 3222 1040 3286; x_wconf 85' lang='grc' dir='ltr'><strong>ἐστίν,</strong></span> <span class='ocrx_word' id='word_1_279' title='bbox 1089 3222 1179 3288; x_wconf 80' lang='grc'>1060.</span> <span class='ocrx_word' id='word_1_280' title='bbox 1194 3243 1220 3284; x_wconf 84' lang='lat' dir='ltr'><strong>a.</strong></span> <span class='ocrx_word' id='word_1_281' title='bbox 1249 3217 1366 3287; x_wconf 71' lang='lat' dir='ltr'><strong>l7tv0&#39;</strong></span> 
     </span>
    </p>
   </div>
   <div class='ocr_carea' id='block_1_12' title="bbox 141 3319 1371 4021">
    <p class='ocr_par' dir='ltr' id='par_1_13' title="bbox 154 3319 1366 3511">
     <span class='ocr_line' id='line_1_29' title="bbox 231 3319 1366 3409; baseline -0.004 -23"><span class='ocrx_word' id='word_1_282' title='bbox 231 3350 265 3407; x_wconf 88' lang='grc' dir='ltr'><strong>γε</strong></span> <span class='ocrx_word' id='word_1_283' title='bbox 288 3323 346 3407; x_wconf 71' lang='grc' dir='ltr'><strong>μὴν</strong></span> <span class='ocrx_word' id='word_1_284' title='bbox 370 3323 443 3398; x_wconf 79' lang='grc' dir='ltr'><em>’ίσας</em></span> <span class='ocrx_word' id='word_1_285' title='bbox 464 3319 538 3398; x_wconf 70' lang='grc' dir='ltr'><em>ταῖς</em></span> <span class='ocrx_word' id='word_1_286' title='bbox 553 3327 728 3402; x_wconf 57' lang='grc' dir='ltr'><em>αἰσθηταῖς</em></span> <span class='ocrx_word' id='word_1_287' title='bbox 749 3325 803 3384; x_wconf 78' lang='grc' dir='ltr'><strong>καὶ</strong></span> <span class='ocrx_word' id='word_1_288' title='bbox 821 3329 987 3408; x_wconf 61' lang='grc' dir='ltr'><em>φθαρταῖς</em></span> <span class='ocrx_word' id='word_1_289' title='bbox 1010 3321 1130 3396; x_wconf 77' lang='grc' dir='ltr'>οὐσίαις</span> <span class='ocrx_word' id='word_1_290' title='bbox 1154 3321 1277 3409; x_wconf 78' lang='grc' dir='ltr'>αϊδίοιις</span> <span class='ocrx_word' id='word_1_291' title='bbox 1299 3321 1366 3382; x_wconf 80' lang='grc' dir='ltr'><em>ἑτέ-</em></span> 
     </span>
     <span class='ocr_line' id='line_1_30' title="bbox 154 3416 1366 3511; baseline -0.002 -23"><span class='ocrx_word' id='word_1_292' title='bbox 154 3505 155 3510; x_wconf 10' lang='grc' dir='ltr'><strong>Ὶ</strong></span> <span class='ocrx_word' id='word_1_293' title='bbox 231 3451 286 3511; x_wconf 88' lang='grc' dir='ltr'><strong>ρας</strong></span> <span class='ocrx_word' id='word_1_294' title='bbox 320 3423 570 3511; x_wconf 75' lang='grc' dir='ltr'><em>παρασκευάζειν</em></span> <span class='ocrx_word' id='word_1_295' title='bbox 600 3423 687 3500; x_wconf 80' lang='grc' dir='ltr'><em>ἐκτὸς</em></span> <span class='ocrx_word' id='word_1_296' title='bbox 719 3422 785 3487; x_wconf 73' lang='grc' dir='ltr'><strong>τῶν</strong></span> <span class='ocrx_word' id='word_1_297' title='bbox 824 3422 959 3506; x_wconf 75' lang='grc' dir='ltr'><em>εὐλόγων</em></span> <span class='ocrx_word' id='word_1_298' title='bbox 995 3420 1110 3498; x_wconf 82' lang='grc' dir='ltr'><em>δόξειεν</em></span> <span class='ocrx_word' id='word_1_299' title='bbox 1142 3416 1183 3484; x_wconf 75' lang='grc' dir='ltr'><strong>ἂν</strong></span> <span class='ocrx_word' id='word_1_300' title='bbox 1221 3425 1366 3486; x_wconf 81' lang='grc' dir='ltr'>πίπτειν.</span> 
     </span>
    </p>

    <p class='ocr_par' dir='ltr' id='par_1_14' title="bbox 141 3520 1371 4021">
     <span class='ocr_line' id='line_1_31' title="bbox 199 3520 1369 3612; baseline -0.004 -18"><span class='ocrx_word' id='word_1_301' title='bbox 199 3569 201 3572; x_wconf 94' lang='grc'>-</span> <span class='ocrx_word' id='word_1_302' title='bbox 234 3532 367 3596; x_wconf 67' lang='grc'>10603.</span> <span class='ocrx_word' id='word_1_303' title='bbox 382 3531 438 3594; x_wconf 84' lang='grc' dir='ltr'><strong>2οι</strong></span> <span class='ocrx_word' id='word_1_304' title='bbox 461 3520 543 3600; x_wconf 67' lang='grc' dir='ltr'><em>αὕτη</em></span> <span class='ocrx_word' id='word_1_305' title='bbox 556 3551 589 3609; x_wconf 90' lang='grc' dir='ltr'><strong>γε</strong></span> <span class='ocrx_word' id='word_1_306' title='bbox 609 3524 668 3610; x_wconf 72' lang='grc' dir='ltr'><strong>μὴν</strong></span> <span class='ocrx_word' id='word_1_307' title='bbox 683 3529 816 3612; x_wconf 78' lang='grc' dir='ltr'><em>ἐνεργείᾳ</em></span> <span class='ocrx_word' id='word_1_308' title='bbox 836 3527 891 3610; x_wconf 82' lang='grc' dir='ltr'><strong>μὲν</strong></span> <span class='ocrx_word' id='word_1_309' title='bbox 912 3521 967 3587; x_wconf 75' lang='grc' dir='ltr'><strong>οὐκ</strong></span> <span class='ocrx_word' id='word_1_310' title='bbox 989 3532 1072 3601; x_wconf 66' lang='grc' dir='ltr'>ἔστι.</span> <span class='ocrx_word' id='word_1_311' title='bbox 1093 3521 1222 3608; x_wconf 77' lang='grc' dir='ltr'>δυναίμει</span> <span class='ocrx_word' id='word_1_312' title='bbox 1237 3525 1369 3590; x_wconf 76' lang='grc' dir='ltr'>δ’ἐίιτιν.</span> 
     </span>
     <span class='ocr_line' id='line_1_32' title="bbox 235 3626 1369 3714; baseline -0.008 -15"><span class='ocrx_word' id='word_1_313' title='bbox 235 3633 372 3698; x_wconf 74' lang='grc'>10601).</span> <span class='ocrx_word' id='word_1_314' title='bbox 397 3633 431 3700; x_wconf 85' lang='lat'><strong>3:</strong></span> <span class='ocrx_word' id='word_1_315' title='bbox 466 3628 492 3690; x_wconf 83' lang='grc' dir='ltr'><em>εί</em></span> <span class='ocrx_word' id='word_1_316' title='bbox 511 3652 545 3711; x_wconf 86' lang='grc' dir='ltr'><strong>γε</strong></span> <span class='ocrx_word' id='word_1_317' title='bbox 568 3626 627 3714; x_wconf 70' lang='grc' dir='ltr'><strong>μὴν</strong></span> <span class='ocrx_word' id='word_1_318' title='bbox 648 3626 723 3692; x_wconf 79' lang='grc' dir='ltr'><em>τόδε</em></span> <span class='ocrx_word' id='word_1_319' title='bbox 744 3656 777 3690; x_wconf 92' lang='grc' dir='ltr'><strong>τι</strong></span> <span class='ocrx_word' id='word_1_320' title='bbox 795 3631 852 3699; x_wconf 76' lang='grc' dir='ltr'><strong>,καί</strong></span> <span class='ocrx_word' id='word_1_321' title='bbox 874 3628 986 3690; x_wconf 75' lang='grc' dir='ltr'><strong>οὐσίαν</strong></span> <span class='ocrx_word' id='word_1_322' title='bbox 1011 3626 1159 3711; x_wconf 75' lang='grc' dir='ltr'><em>ἑκάτερον</em></span> <span class='ocrx_word' id='word_1_323' title='bbox 1178 3627 1289 3690; x_wconf 73' lang='grc' dir='ltr'><em>αὐτῶν</em></span> <span class='ocrx_word' id='word_1_324' title='bbox 1312 3630 1369 3702; x_wconf 65' lang='lat' dir='ltr'><strong>tess</strong></span> 
     </span>
     <span class='ocr_line' id='line_1_33' title="bbox 231 3727 1370 3814; baseline -0.002 -20"><span class='ocrx_word' id='word_1_325' title='bbox 231 3737 292 3808; x_wconf 77' lang='lat' dir='ltr'><strong>tos,</strong></span> <span class='ocrx_word' id='word_1_326' title='bbox 323 3727 420 3810; x_wconf 75' lang='grc' dir='ltr'><em>πάντ’</em></span> <span class='ocrx_word' id='word_1_327' title='bbox 453 3733 542 3794; x_wconf 81' lang='grc' dir='ltr'><em>ἐστὶν</em></span> <span class='ocrx_word' id='word_1_328' title='bbox 572 3730 677 3793; x_wconf 78' lang='grc' dir='ltr'>οὐσίαι</span> <span class='ocrx_word' id='word_1_329' title='bbox 706 3728 751 3793; x_wconf 79' lang='grc' dir='ltr'><strong>τοί</strong></span> <span class='ocrx_word' id='word_1_330' title='bbox 786 3728 879 3794; x_wconf 74' lang='grc' dir='ltr'><em>ὄντα.</em></span> <span class='ocrx_word' id='word_1_331' title='bbox 929 3733 1019 3798; x_wconf 88' lang='grc'>1060.</span> <span class='ocrx_word' id='word_1_332' title='bbox 1042 3735 1071 3797; x_wconf 89' lang='lat' dir='ltr'><strong>b.</strong></span> <span class='ocrx_word' id='word_1_333' title='bbox 1109 3732 1163 3795; x_wconf 80' lang='lat'><strong>12:</strong></span> <span class='ocrx_word' id='word_1_334' title='bbox 1201 3729 1227 3790; x_wconf 86' lang='grc' dir='ltr'><em>εί</em></span> <span class='ocrx_word' id='word_1_335' title='bbox 1251 3754 1286 3812; x_wconf 90' lang='grc' dir='ltr'><strong>γε</strong></span> <span class='ocrx_word' id='word_1_336' title='bbox 1308 3727 1370 3814; x_wconf 67' lang='grc' dir='ltr'><strong>μὴν</strong></span> 
     </span>
     <span class='ocr_line' id='line_1_34' title="bbox 141 3825 1370 3919; baseline 0.001 -24"><span class='ocrx_word' id='word_1_337' title='bbox 141 3853 146 3862; x_wconf 80' lang='grc'><strong>’</strong></span> <span class='ocrx_word' id='word_1_338' title='bbox 232 3830 375 3919; x_wconf 68' lang='grc' dir='ltr'><em>γραμμάς</em></span> <span class='ocrx_word' id='word_1_339' title='bbox 396 3825 414 3906; x_wconf 71' lang='grc' dir='ltr'>ἢ</span> <span class='ocrx_word' id='word_1_340' title='bbox 436 3830 480 3894; x_wconf 81' lang='grc' dir='ltr'><strong>τοί</strong></span> <span class='ocrx_word' id='word_1_341' title='bbox 501 3831 628 3896; x_wconf 74' lang='grc' dir='ltr'><em>τούτων</em></span> <span class='ocrx_word' id='word_1_342' title='bbox 651 3833 782 3918; x_wconf 80' lang='grc' dir='ltr'><em>ἐχόμενα</em></span> <span class='ocrx_word' id='word_1_343' title='bbox 804 3831 894 3918; x_wconf 78' lang='grc' dir='ltr'>(λέγει</span> <span class='ocrx_word' id='word_1_344' title='bbox 917 3831 1127 3915; x_wconf 70' lang='grc' dir='ltr'><em>δ’ἐπιφανείας</em></span> <span class='ocrx_word' id='word_1_345' title='bbox 1146 3828 1206 3904; x_wconf 75' lang='grc' dir='ltr'><strong>τοὶς</strong></span> <span class='ocrx_word' id='word_1_346' title='bbox 1221 3831 1370 3916; x_wconf 68' lang='grc' dir='ltr'><em>πρώτας)</em></span> 
     </span>
     <span class='ocr_line' id='line_1_35' title="bbox 145 3929 1371 4021; baseline -0.002 -23"><span class='ocrx_word' id='word_1_347' title='bbox 145 3993 148 3998; x_wconf 83' lang='grc'>.</span> <span class='ocrx_word' id='word_1_348' title='bbox 215 3937 323 4016; x_wconf 60' lang='grc' dir='ltr'><strong>Ιθήσει</strong></span> <span class='ocrx_word' id='word_1_349' title='bbox 343 3959 390 4010; x_wconf 86' lang='grc' dir='ltr'><strong>τις</strong></span> <span class='ocrx_word' id='word_1_350' title='bbox 413 3930 522 4021; x_wconf 78' lang='grc' dir='ltr'><strong>ἅρχοίς.</strong></span> <span class='ocrx_word' id='word_1_351' title='bbox 568 3939 660 4006; x_wconf 85' lang='grc'>1061,</span> <span class='ocrx_word' id='word_1_352' title='bbox 686 3941 714 3999; x_wconf 90' lang='lat' dir='ltr'><strong>b.</strong></span> <span class='ocrx_word' id='word_1_353' title='bbox 737 3940 772 4003; x_wconf 75' lang='lat'><strong>8:</strong></span> <span class='ocrx_word' id='word_1_354' title='bbox 802 3929 818 4019; x_wconf 72' lang='lat' dir='ltr'><strong>ii</strong></span> <span class='ocrx_word' id='word_1_355' title='bbox 840 3959 873 4016; x_wconf 89' lang='grc' dir='ltr'><strong>γε</strong></span> <span class='ocrx_word' id='word_1_356' title='bbox 896 3933 954 4018; x_wconf 75' lang='grc' dir='ltr'><strong>μὴν</strong></span> <span class='ocrx_word' id='word_1_357' title='bbox 977 3929 1154 4006; x_wconf 64' lang='grc' dir='ltr'>διαλεκτική</span> <span class='ocrx_word' id='word_1_358' title='bbox 1178 3934 1232 3995; x_wconf 86' lang='grc' dir='ltr'><strong>καὶ</strong></span> <span class='ocrx_word' id='word_1_359' title='bbox 1264 3934 1281 4008; x_wconf 73' lang='grc' dir='ltr'>ἡ</span> <span class='ocrx_word' id='word_1_360' title='bbox 1314 3937 1371 3998; x_wconf 77' lang='grc' dir='ltr'><strong>σὀ-</strong></span> 
     </span>
    </p>
   </div>
   <div class='ocr_carea' id='block_1_13' title="bbox 232 4141 1373 4254">
    <p class='ocr_par' dir='ltr' id='par_1_15' title="bbox 232 4141 1373 4254">
     <span class='ocr_line' id='line_1_36' title="bbox 232 4141 1373 4254; baseline -0.001 -27"><span class='ocrx_word' id='word_1_361' title='bbox 232 4213 234 4221; x_wconf 68' lang='lat'><em>,</em></span> <span class='ocrx_word' id='word_1_362' title='bbox 299 4177 325 4240; x_wconf 72' lang='lat'><strong>³¹⁶)</strong></span> <span class='ocrx_word' id='word_1_363' title='bbox 343 4177 496 4242; x_wconf 76' lang='lat' dir='ltr'><strong>deduabus</strong></span> <span class='ocrx_word' id='word_1_364' title='bbox 515 4177 578 4228; x_wconf 85' lang='lat' dir='ltr'><strong>libri</strong></span> <span class='ocrx_word' id='word_1_365' title='bbox 596 4177 621 4226; x_wconf 87' lang='lat' dir='ltr'><strong>K</strong></span> <span class='ocrx_word' id='word_1_366' title='bbox 647 4141 769 4244; x_wconf 83' lang='lat' dir='ltr'><strong>partibus</strong></span> <span class='ocrx_word' id='word_1_367' title='bbox 785 4194 811 4230; x_wconf 80' lang='lat' dir='ltr'><strong>v.</strong></span> <span class='ocrx_word' id='word_1_368' title='bbox 830 4173 934 4223; x_wconf 75' lang='lat' dir='ltr'><strong>Bonita</strong></span> <span class='ocrx_word' id='word_1_369' title='bbox 953 4175 1154 4254; x_wconf 80' lang='lat' dir='ltr'><strong>commentarius</strong></span> <span class='ocrx_word' id='word_1_370' title='bbox 1167 4175 1200 4222; x_wconf 79' lang='lat' dir='ltr'><strong>-in</strong></span> <span class='ocrx_word' id='word_1_371' title='bbox 1220 4175 1373 4242; x_wconf 78' lang='lat' dir='ltr'><strong>metaphys.</strong></span> 
     </span>
    </p>
   </div>
   <div class='ocr_carea' id='block_1_14' title="bbox 152 4263 477 4329">
    <p class='ocr_par' dir='ltr' id='par_1_16' title="bbox 152 4263 477 4329">
     <span class='ocr_line' id='line_1_37' title="bbox 152 4263 477 4329; baseline 0 -17"><span class='ocrx_word' id='word_1_372' title='bbox 152 4263 155 4270; x_wconf 81' lang='grc'><strong>“</strong></span> <span class='ocrx_word' id='word_1_373' title='bbox 232 4278 294 4329; x_wconf 81' lang='lat' dir='ltr'><strong>pag.</strong></span> <span class='ocrx_word' id='word_1_374' title='bbox 314 4265 354 4326; x_wconf 80' lang='lat'><strong>15,</strong></span> <span class='ocrx_word' id='word_1_375' title='bbox 373 4265 415 4326; x_wconf 78' lang='lat'><strong>22,</strong></span> <span class='ocrx_word' id='word_1_376' title='bbox 433 4266 477 4313; x_wconf 78' lang='lat'><strong>23.</strong></span> 
     </span>
    </p>
   </div>
   <div class='ocr_carea' id='block_1_15' title="bbox 0 0 1487 5076">
    <p class='ocr_par' dir='ltr' id='par_1_17' title="bbox 0 0 1487 5076">
     <span class='ocr_line' id='line_1_38' title="bbox 0 0 1487 5076; baseline 0 0"><span class='ocrx_word' id='word_1_377' title='bbox 0 0 1487 5076; x_wconf 95' lang='lat' dir='ltr'><strong> </strong></span> 
     </span>
    </p>
   </div>
  </div>
 </body>
</html>
