<?xml version="1.0" encoding="UTF-8"?>
<!DOCTYPE html PUBLIC "-//W3C//DTD XHTML 1.0 Transitional//EN"
    "http://www.w3.org/TR/xhtml1/DTD/xhtml1-transitional.dtd">
<html xmlns="http://www.w3.org/1999/xhtml" xml:lang="en" lang="en">
 <head>
  <title>
</title>
<meta http-equiv="Content-Type" content="text/html;charset=utf-8" />
  <meta name='ocr-system' content='tesseract 3.04.00' />
  <meta name='ocr-capabilities' content='ocr_page ocr_carea ocr_par ocr_line ocrx_word'/>
</head>
<body>
  <div class='ocr_page' id='page_1' title='image "./dearistotelisez00thomgoog_0305.png"; bbox 0 0 2950 5076; ppageno 0'>
   <div class='ocr_carea' id='block_1_1' title="bbox 102 1471 1327 4494">
    <p class='ocr_par' dir='ltr' id='par_1_1' title="bbox 102 1471 1327 4408">
     <span class='ocr_line' id='line_1_1' title="bbox 187 1471 1232 1553; baseline -0.003 -20"><span class='ocrx_word' id='word_1_1' title='bbox 187 1472 332 1533; x_wconf 76' lang='lat' dir='ltr'>Omnibus</span> <span class='ocrx_word' id='word_1_2' title='bbox 353 1474 403 1552; x_wconf 88' lang='lat' dir='ltr'><strong>qui</strong></span> <span class='ocrx_word' id='word_1_3' title='bbox 427 1474 457 1531; x_wconf 92' lang='lat' dir='ltr'><strong>in</strong></span> <span class='ocrx_word' id='word_1_4' title='bbox 481 1473 574 1532; x_wconf 89' lang='lat' dir='ltr'><strong>literis</strong></span> <span class='ocrx_word' id='word_1_5' title='bbox 607 1471 769 1531; x_wconf 81' lang='lat' dir='ltr'><strong>tractandis</strong></span> <span class='ocrx_word' id='word_1_6' title='bbox 799 1473 912 1552; x_wconf 87' lang='lat' dir='ltr'><strong>aliquid</strong></span> <span class='ocrx_word' id='word_1_7' title='bbox 947 1473 1091 1553; x_wconf 80' lang='lat' dir='ltr'><strong>proficere</strong></span> <span class='ocrx_word' id='word_1_8' title='bbox 1126 1471 1232 1546; x_wconf 87' lang='lat' dir='ltr'><strong>velint,</strong></span> 
     </span>
     <span class='ocr_line' id='line_1_2' title="bbox 104 1574 1327 1654; baseline -0.002 -20"><span class='ocrx_word' id='word_1_9' title='bbox 104 1577 144 1634; x_wconf 87' lang='lat' dir='ltr'><strong>itu</strong></span> <span class='ocrx_word' id='word_1_10' title='bbox 166 1575 283 1635; x_wconf 81' lang='lat' dir='ltr'><strong>videtur</strong></span> <span class='ocrx_word' id='word_1_11' title='bbox 300 1595 348 1634; x_wconf 88' lang='lat' dir='ltr'><strong>res</strong></span> <span class='ocrx_word' id='word_1_12' title='bbox 369 1575 551 1636; x_wconf 88' lang='lat' dir='ltr'><strong>instituenda</strong></span> <span class='ocrx_word' id='word_1_13' title='bbox 585 1595 660 1642; x_wconf 82' lang='lat' dir='ltr'><strong>esse,</strong></span> <span class='ocrx_word' id='word_1_14' title='bbox 693 1583 725 1632; x_wconf 90' lang='lat' dir='ltr'><strong>ut</strong></span> <span class='ocrx_word' id='word_1_15' title='bbox 761 1595 827 1633; x_wconf 89' lang='lat' dir='ltr'><strong>cnm</strong></span> <span class='ocrx_word' id='word_1_16' title='bbox 858 1577 986 1654; x_wconf 90' lang='lat' dir='ltr'><strong>primum</strong></span> <span class='ocrx_word' id='word_1_17' title='bbox 1018 1574 1150 1651; x_wconf 86' lang='lat' dir='ltr'><strong>singulas</strong></span> <span class='ocrx_word' id='word_1_18' title='bbox 1185 1593 1234 1633; x_wconf 89' lang='lat' dir='ltr'><strong>res</strong></span> <span class='ocrx_word' id='word_1_19' title='bbox 1323 1633 1327 1640; x_wconf 80' lang='grc'><strong>,</strong></span> 
     </span>
     <span class='ocr_line' id='line_1_3' title="bbox 106 1663 1233 1756; baseline -0.002 -20"><span class='ocrx_word' id='word_1_20' title='bbox 106 1685 239 1736; x_wconf 84' lang='lat' dir='ltr'><strong>accurate</strong></span> <span class='ocrx_word' id='word_1_21' title='bbox 261 1679 514 1756; x_wconf 57' lang='lat' dir='ltr'>pertractaverint,</span> <span class='ocrx_word' id='word_1_22' title='bbox 550 1679 604 1735; x_wconf 90' lang='lat' dir='ltr'><strong>hoc</strong></span> <span class='ocrx_word' id='word_1_23' title='bbox 637 1679 722 1755; x_wconf 84' lang='lat' dir='ltr'><strong>quasi</strong></span> <span class='ocrx_word' id='word_1_24' title='bbox 756 1663 948 1737; x_wconf 84' lang='lat' dir='ltr'><strong>fundamento</strong></span> <span class='ocrx_word' id='word_1_25' title='bbox 987 1678 1145 1737; x_wconf 87' lang='lat' dir='ltr'><strong>constituto</strong></span> <span class='ocrx_word' id='word_1_26' title='bbox 1181 1695 1233 1734; x_wconf 85' lang='lat' dir='ltr'><strong>eas</strong></span> 
     </span>
     <span class='ocr_line' id='line_1_4' title="bbox 105 1779 1245 1872; baseline -0.002 -34"><span class='ocrx_word' id='word_1_27' title='bbox 105 1781 185 1856; x_wconf 87' lang='lat' dir='ltr'><strong>leges</strong></span> <span class='ocrx_word' id='word_1_28' title='bbox 209 1789 298 1860; x_wconf 88' lang='lat' dir='ltr'><strong>atquc</strong></span> <span class='ocrx_word' id='word_1_29' title='bbox 320 1781 450 1839; x_wconf 89' lang='lat' dir='ltr'><strong>rationes</strong></span> <span class='ocrx_word' id='word_1_30' title='bbox 475 1799 552 1858; x_wconf 92' lang='lat' dir='ltr'><strong>quae</strong></span> <span class='ocrx_word' id='word_1_31' title='bbox 576 1779 606 1837; x_wconf 91' lang='lat' dir='ltr'><strong>in</strong></span> <span class='ocrx_word' id='word_1_32' title='bbox 630 1781 800 1838; x_wconf 85' lang='lat' dir='ltr'><strong>universum</strong></span> <span class='ocrx_word' id='word_1_33' title='bbox 821 1781 944 1872; x_wconf 69' lang='lat' dir='ltr'><strong>valeant</strong></span> <span class='ocrx_word' id='word_1_34' title='bbox 966 1797 1146 1857; x_wconf 81' lang='lat' dir='ltr'><strong>cognoscere</strong></span> <span class='ocrx_word' id='word_1_35' title='bbox 1170 1787 1245 1863; x_wconf 76' lang='lat' dir='ltr'><strong>stu·¹</strong></span> 
     </span>
     <span class='ocr_line' id='line_1_5' title="bbox 104 1875 1233 1968; baseline -0.002 -28"><span class='ocrx_word' id='word_1_36' title='bbox 104 1881 201 1944; x_wconf 83' lang='lat' dir='ltr'><strong>desnt.</strong></span> <span class='ocrx_word' id='word_1_37' title='bbox 246 1881 282 1940; x_wconf 90' lang='lat' dir='ltr'><strong>Id</strong></span> <span class='ocrx_word' id='word_1_38' title='bbox 304 1881 384 1968; x_wconf 81' lang='lat' dir='ltr'><strong>quod</strong></span> <span class='ocrx_word' id='word_1_39' title='bbox 417 1875 548 1940; x_wconf 87' lang='lat' dir='ltr'><strong>maxime</strong></span> <span class='ocrx_word' id='word_1_40' title='bbox 576 1881 615 1940; x_wconf 90' lang='lat' dir='ltr'><strong>de</strong></span> <span class='ocrx_word' id='word_1_41' title='bbox 643 1882 679 1940; x_wconf 90' lang='lat' dir='ltr'><strong>iis</strong></span> <span class='ocrx_word' id='word_1_42' title='bbox 712 1881 792 1940; x_wconf 87' lang='lat' dir='ltr'><strong>valet</strong></span> <span class='ocrx_word' id='word_1_43' title='bbox 820 1883 870 1960; x_wconf 92' lang='lat' dir='ltr'><strong>qui</strong></span> <span class='ocrx_word' id='word_1_44' title='bbox 905 1882 943 1942; x_wconf 92' lang='lat' dir='ltr'><strong>de</strong></span> <span class='ocrx_word' id='word_1_45' title='bbox 977 1901 1111 1942; x_wconf 85' lang='lat' dir='ltr'><strong>sermone</strong></span> <span class='ocrx_word' id='word_1_46' title='bbox 1142 1889 1233 1959; x_wconf 85' lang='lat' dir='ltr'><strong>atque</strong></span> 
     </span>
     <span class='ocr_line' id='line_1_6' title="bbox 104 1982 1235 2063; baseline -0.002 -21"><span class='ocrx_word' id='word_1_47' title='bbox 104 1983 220 2042; x_wconf 87' lang='lat' dir='ltr'><strong>dicendi</strong></span> <span class='ocrx_word' id='word_1_48' title='bbox 254 1986 367 2043; x_wconf 77' lang='lat' dir='ltr'><strong>ratione</strong></span> <span class='ocrx_word' id='word_1_49' title='bbox 396 1984 547 2063; x_wconf 91' lang='lat' dir='ltr'><strong>scriptoris</strong></span> <span class='ocrx_word' id='word_1_50' title='bbox 569 1982 723 2060; x_wconf 90' lang='lat' dir='ltr'><strong>cujusdam</strong></span> <span class='ocrx_word' id='word_1_51' title='bbox 758 2001 848 2060; x_wconf 83' lang='lat' dir='ltr'><strong>agere</strong></span> <span class='ocrx_word' id='word_1_52' title='bbox 882 1984 987 2062; x_wconf 82' lang='lat' dir='ltr'><strong>velint,</strong></span> <span class='ocrx_word' id='word_1_53' title='bbox 1020 2001 1120 2062; x_wconf 88' lang='lat' dir='ltr'><strong>neque</strong></span> <span class='ocrx_word' id='word_1_54' title='bbox 1150 1983 1235 2048; x_wconf 67' lang='lat' dir='ltr'><strong>,enim</strong></span> 
     </span>
     <span class='ocr_line' id='line_1_7' title="bbox 104 2085 1234 2165; baseline -0.002 -21"><span class='ocrx_word' id='word_1_55' title='bbox 104 2087 245 2162; x_wconf 86' lang='lat' dir='ltr'><strong>exiguum</strong></span> <span class='ocrx_word' id='word_1_56' title='bbox 264 2086 426 2165; x_wconf 87' lang='lat' dir='ltr'><strong>perieulum</strong></span> <span class='ocrx_word' id='word_1_57' title='bbox 448 2095 510 2158; x_wconf 90' lang='lat' dir='ltr'><strong>cst,</strong></span> <span class='ocrx_word' id='word_1_58' title='bbox 544 2105 582 2144; x_wconf 92' lang='lat' dir='ltr'><strong>ne</strong></span> <span class='ocrx_word' id='word_1_59' title='bbox 606 2085 730 2161; x_wconf 88' lang='lat' dir='ltr'><strong>singulis</strong></span> <span class='ocrx_word' id='word_1_60' title='bbox 752 2085 842 2144; x_wconf 90' lang='lat' dir='ltr'><strong>rebus</strong></span> <span class='ocrx_word' id='word_1_61' title='bbox 865 2087 1011 2163; x_wconf 81' lang='lat' dir='ltr'><strong>neglectis</strong></span> <span class='ocrx_word' id='word_1_62' title='bbox 1034 2104 1112 2145; x_wconf 85' lang='lat' dir='ltr'><strong>vans</strong></span> <span class='ocrx_word' id='word_1_63' title='bbox 1144 2093 1234 2164; x_wconf 85' lang='lat' dir='ltr'><strong>atque</strong></span> 
     </span>
     <span class='ocr_line' id='line_1_8' title="bbox 103 2183 1305 2267; baseline 0 -23"><span class='ocrx_word' id='word_1_64' title='bbox 103 2183 203 2246; x_wconf 84' lang='lat' dir='ltr'><strong>inania</strong></span> <span class='ocrx_word' id='word_1_65' title='bbox 234 2187 422 2250; x_wconf 84' lang='lat' dir='ltr'><strong>contendant.</strong></span> <span class='ocrx_word' id='word_1_66' title='bbox 483 2189 591 2267; x_wconf 87' lang='lat' dir='ltr'><strong>Itaque</strong></span> <span class='ocrx_word' id='word_1_67' title='bbox 625 2207 692 2246; x_wconf 91' lang='lat' dir='ltr'><strong>eum</strong></span> <span class='ocrx_word' id='word_1_68' title='bbox 725 2186 763 2245; x_wconf 90' lang='lat' dir='ltr'><strong>de</strong></span> <span class='ocrx_word' id='word_1_69' title='bbox 798 2183 967 2247; x_wconf 88' lang='lat' dir='ltr'><strong>Aristotelis</strong></span> <span class='ocrx_word' id='word_1_70' title='bbox 1019 2185 1136 2246; x_wconf 89' lang='lat' dir='ltr'><strong>dicendi</strong></span> <span class='ocrx_word' id='word_1_71' title='bbox 1177 2205 1234 2245; x_wconf 92' lang='lat' dir='ltr'><strong>usu</strong></span> <span class='ocrx_word' id='word_1_72' title='bbox 1295 2243 1305 2252; x_wconf 71' lang='lat'><strong>,</strong></span> 
     </span>
     <span class='ocr_line' id='line_1_9' title="bbox 105 2285 1233 2369; baseline 0.002 -23"><span class='ocrx_word' id='word_1_73' title='bbox 105 2309 195 2366; x_wconf 87' lang='lat' dir='ltr'><strong>agere</strong></span> <span class='ocrx_word' id='word_1_74' title='bbox 232 2285 304 2348; x_wconf 92' lang='lat' dir='ltr'><strong>mihi</strong></span> <span class='ocrx_word' id='word_1_75' title='bbox 342 2292 562 2369; x_wconf 86' lang='lat' dir='ltr'><strong>proposuerim,</strong></span> <span class='ocrx_word' id='word_1_76' title='bbox 603 2297 673 2348; x_wconf 90' lang='lat' dir='ltr'><strong>ante</strong></span> <span class='ocrx_word' id='word_1_77' title='bbox 715 2291 814 2349; x_wconf 90' lang='lat' dir='ltr'><strong>omnia</strong></span> <span class='ocrx_word' id='word_1_78' title='bbox 842 2289 879 2348; x_wconf 90' lang='lat' dir='ltr'><strong>de</strong></span> <span class='ocrx_word' id='word_1_79' title='bbox 917 2291 1043 2367; x_wconf 92' lang='lat' dir='ltr'><strong>singulis</strong></span> <span class='ocrx_word' id='word_1_80' title='bbox 1079 2289 1233 2368; x_wconf 84' lang='lat' dir='ltr'><strong>particulis</strong></span> 
     </span>
     <span class='ocr_line' id='line_1_10' title="bbox 103 2391 1232 2471; baseline 0 -21"><span class='ocrx_word' id='word_1_81' title='bbox 103 2391 253 2471; x_wconf 92' lang='lat' dir='ltr'><strong>quomodo</strong></span> <span class='ocrx_word' id='word_1_82' title='bbox 293 2392 491 2452; x_wconf 87' lang='lat' dir='ltr'><strong>adhibeantur</strong></span> <span class='ocrx_word' id='word_1_83' title='bbox 522 2391 640 2452; x_wconf 84' lang='lat' dir='ltr'><strong>videtur</strong></span> <span class='ocrx_word' id='word_1_84' title='bbox 674 2391 829 2451; x_wconf 91' lang='lat' dir='ltr'><strong>dicendum</strong></span> <span class='ocrx_word' id='word_1_85' title='bbox 866 2413 942 2455; x_wconf 88' lang='lat' dir='ltr'><strong>esse.</strong></span> <span class='ocrx_word' id='word_1_86' title='bbox 989 2393 1097 2452; x_wconf 83' lang='lat' dir='ltr'><strong>Talem</strong></span> <span class='ocrx_word' id='word_1_87' title='bbox 1133 2399 1232 2451; x_wconf 84' lang='lat' dir='ltr'><strong>autem</strong></span> 
     </span>
     <span class='ocr_line' id='line_1_11' title="bbox 104 2478 1234 2574; baseline 0 -22"><span class='ocrx_word' id='word_1_88' title='bbox 104 2495 327 2573; x_wconf 85' lang='lat' dir='ltr'><strong>inquisitionem</strong></span> <span class='ocrx_word' id='word_1_89' title='bbox 359 2495 436 2574; x_wconf 87' lang='lat' dir='ltr'><strong>apud</strong></span> <span class='ocrx_word' id='word_1_90' title='bbox 461 2494 653 2553; x_wconf 87' lang='lat' dir='ltr'><strong>Aristotelem</strong></span> <span class='ocrx_word' id='word_1_91' title='bbox 674 2495 833 2573; x_wconf 88' lang='lat' dir='ltr'><strong>praecipue</strong></span> <span class='ocrx_word' id='word_1_92' title='bbox 859 2496 981 2554; x_wconf 89' lang='lat' dir='ltr'><strong>maximi</strong></span> <span class='ocrx_word' id='word_1_93' title='bbox 1004 2494 1144 2554; x_wconf 87' lang='lat' dir='ltr'><strong>momenti</strong></span> <span class='ocrx_word' id='word_1_94' title='bbox 1167 2478 1234 2552; x_wconf 84' lang='lat' dir='ltr'><strong>esse</strong></span> 
     </span>
     <span class='ocr_line' id='line_1_12' title="bbox 104 2595 1234 2674; baseline -0.002 -19"><span class='ocrx_word' id='word_1_95' title='bbox 104 2598 141 2655; x_wconf 85' lang='lat' dir='ltr'><strong>ab</strong></span> <span class='ocrx_word' id='word_1_96' title='bbox 170 2597 305 2655; x_wconf 89' lang='lat' dir='ltr'><strong>omuibus</strong></span> <span class='ocrx_word' id='word_1_97' title='bbox 334 2597 512 2664; x_wconf 83' lang='lat' dir='ltr'><strong>conceditur,</strong></span> <span class='ocrx_word' id='word_1_98' title='bbox 556 2605 589 2654; x_wconf 90' lang='lat' dir='ltr'><strong>ut</strong></span> <span class='ocrx_word' id='word_1_99' title='bbox 622 2603 652 2654; x_wconf 89' lang='lat' dir='ltr'><strong>et</strong></span> <span class='ocrx_word' id='word_1_100' title='bbox 681 2597 774 2674; x_wconf 90' lang='lat' dir='ltr'><strong>ipsius</strong></span> <span class='ocrx_word' id='word_1_101' title='bbox 813 2597 906 2656; x_wconf 87' lang='lat' dir='ltr'><strong>verba</strong></span> <span class='ocrx_word' id='word_1_102' title='bbox 942 2598 1049 2656; x_wconf 89' lang='lat' dir='ltr'><strong>melius</strong></span> <span class='ocrx_word' id='word_1_103' title='bbox 1086 2595 1234 2671; x_wconf 87' lang='lat' dir='ltr'><strong>intelliga-</strong></span> 
     </span>
     <span class='ocr_line' id='line_1_13' title="bbox 103 2685 1235 2776; baseline -0.002 -20"><span class='ocrx_word' id='word_1_104' title='bbox 103 2718 168 2756; x_wconf 87' lang='lat' dir='ltr'><strong>mus</strong></span> <span class='ocrx_word' id='word_1_105' title='bbox 188 2705 279 2776; x_wconf 88' lang='lat' dir='ltr'><strong>atquc</strong></span> <span class='ocrx_word' id='word_1_106' title='bbox 299 2705 415 2758; x_wconf 84' lang='lat' dir='ltr'><strong>textum</strong></span> <span class='ocrx_word' id='word_1_107' title='bbox 438 2700 523 2758; x_wconf 90' lang='lat' dir='ltr'><strong>nobis</strong></span> <span class='ocrx_word' id='word_1_108' title='bbox 555 2697 694 2756; x_wconf 85' lang='lat' dir='ltr'><strong>traditum</strong></span> <span class='ocrx_word' id='word_1_109' title='bbox 718 2685 910 2756; x_wconf 87' lang='lat' dir='ltr'><strong>emendemus</strong></span> <span class='ocrx_word' id='word_1_110' title='bbox 941 2706 972 2756; x_wconf 93' lang='lat' dir='ltr'><strong>et</strong></span> <span class='ocrx_word' id='word_1_111' title='bbox 1000 2706 1095 2757; x_wconf 90' lang='lat' dir='ltr'><strong>totum</strong></span> <span class='ocrx_word' id='word_1_112' title='bbox 1118 2697 1235 2764; x_wconf 81' lang='lat' dir='ltr'><strong>dicendi</strong></span> 
     </span>
     <span class='ocr_line' id='line_1_14' title="bbox 103 2799 1236 2879; baseline -0.001 -21"><span class='ocrx_word' id='word_1_113' title='bbox 103 2819 189 2858; x_wconf 91' lang='lat' dir='ltr'><strong>usum</strong></span> <span class='ocrx_word' id='word_1_114' title='bbox 212 2800 308 2878; x_wconf 92' lang='lat' dir='ltr'><strong>qualis</strong></span> <span class='ocrx_word' id='word_1_115' title='bbox 330 2800 418 2859; x_wconf 76' lang='lat' dir='ltr'><strong>tuerit</strong></span> <span class='ocrx_word' id='word_1_116' title='bbox 439 2801 489 2860; x_wconf 94' lang='lat' dir='ltr'><strong>illo</strong></span> <span class='ocrx_word' id='word_1_117' title='bbox 515 2810 648 2879; x_wconf 89' lang='lat' dir='ltr'><strong>tempore</strong></span> <span class='ocrx_word' id='word_1_118' title='bbox 670 2817 890 2877; x_wconf 84' lang='lat' dir='ltr'><strong>cognoscamus.</strong></span> <span class='ocrx_word' id='word_1_119' title='bbox 935 2800 1095 2859; x_wconf 88' lang='lat' dir='ltr'><strong>Praeterea</strong></span> <span class='ocrx_word' id='word_1_120' title='bbox 1111 2799 1236 2858; x_wconf 85' lang='lat' dir='ltr'><strong>ubicun-</strong></span> 
     </span>
     <span class='ocr_line' id='line_1_15' title="bbox 103 2889 1239 2986; baseline 0 -27"><span class='ocrx_word' id='word_1_121' title='bbox 103 2921 161 2979; x_wconf 88' lang='lat' dir='ltr'><strong>que</strong></span> <span class='ocrx_word' id='word_1_122' title='bbox 184 2901 343 2974; x_wconf 89' lang='lat' dir='ltr'><strong>dubitatur,</strong></span> <span class='ocrx_word' id='word_1_123' title='bbox 360 2889 458 2962; x_wconf 81' lang='lat' dir='ltr'><strong>utrum</strong></span> <span class='ocrx_word' id='word_1_124' title='bbox 482 2903 593 2980; x_wconf 85' lang='lat' dir='ltr'><strong>singuli</strong></span> <span class='ocrx_word' id='word_1_125' title='bbox 612 2901 678 2962; x_wconf 90' lang='lat' dir='ltr'><strong>libri</strong></span> <span class='ocrx_word' id='word_1_126' title='bbox 701 2901 738 2960; x_wconf 85' lang='lat' dir='ltr'><strong>ab</strong></span> <span class='ocrx_word' id='word_1_127' title='bbox 761 2900 923 2959; x_wconf 87' lang='lat' dir='ltr'><strong>Aristotele</strong></span> <span class='ocrx_word' id='word_1_128' title='bbox 942 2901 1006 2980; x_wconf 90' lang='lat' dir='ltr'><strong>ipso</strong></span> <span class='ocrx_word' id='word_1_129' title='bbox 1030 2901 1156 2980; x_wconf 83' lang='lat' dir='ltr'><strong>profecti</strong></span> <span class='ocrx_word' id='word_1_130' title='bbox 1179 2902 1239 2986; x_wconf 84' lang='lat' dir='ltr'><strong>sint</strong></span> 
     </span>
     <span class='ocr_line' id='line_1_16' title="bbox 103 2995 1239 3081; baseline 0.002 -22"><span class='ocrx_word' id='word_1_131' title='bbox 103 3022 206 3076; x_wconf 88' lang='lat' dir='ltr'><strong>necne,</strong></span> <span class='ocrx_word' id='word_1_132' title='bbox 243 3002 281 3060; x_wconf 90' lang='lat' dir='ltr'><strong>ad</strong></span> <span class='ocrx_word' id='word_1_133' title='bbox 315 3023 378 3062; x_wconf 88' lang='lat' dir='ltr'><strong>rem</strong></span> <span class='ocrx_word' id='word_1_134' title='bbox 401 2995 621 3081; x_wconf 81' lang='lat' dir='ltr'><strong>dijudicandam</strong></span> <span class='ocrx_word' id='word_1_135' title='bbox 652 3023 780 3081; x_wconf 83' lang='lat' dir='ltr'><strong>magnae</strong></span> <span class='ocrx_word' id='word_1_136' title='bbox 799 3002 920 3062; x_wconf 81' lang='lat' dir='ltr'><strong>utilitati</strong></span> <span class='ocrx_word' id='word_1_137' title='bbox 943 3011 989 3063; x_wconf 87' lang='lat' dir='ltr'><strong>est</strong></span> <span class='ocrx_word' id='word_1_138' title='bbox 1019 3002 1131 3077; x_wconf 84' lang='lat' dir='ltr'><strong>videre,</strong></span> <span class='ocrx_word' id='word_1_139' title='bbox 1167 3022 1239 3061; x_wconf 91' lang='lat' dir='ltr'><strong>num</strong></span> 
     </span>
     <span class='ocr_line' id='line_1_17' title="bbox 104 3095 1239 3183; baseline 0.002 -21"><span class='ocrx_word' id='word_1_140' title='bbox 104 3123 204 3162; x_wconf 85' lang='lat' dir='ltr'><strong>eorum</strong></span> <span class='ocrx_word' id='word_1_141' title='bbox 227 3103 367 3162; x_wconf 90' lang='lat' dir='ltr'><strong>librorum</strong></span> <span class='ocrx_word' id='word_1_142' title='bbox 389 3105 506 3164; x_wconf 90' lang='lat' dir='ltr'><strong>dicendi</strong></span> <span class='ocrx_word' id='word_1_143' title='bbox 528 3106 602 3163; x_wconf 86' lang='lat' dir='ltr'><strong>ratio</strong></span> <span class='ocrx_word' id='word_1_144' title='bbox 625 3105 670 3163; x_wconf 81' lang='lat' dir='ltr'><strong>ed&#39;</strong></span> <span class='ocrx_word' id='word_1_145' title='bbox 684 3095 769 3164; x_wconf 84' lang='lat' dir='ltr'><strong>illum</strong></span> <span class='ocrx_word' id='word_1_146' title='bbox 791 3103 934 3183; x_wconf 81' lang='lat' dir='ltr'><strong>quadret3</strong></span> <span class='ocrx_word' id='word_1_147' title='bbox 972 3105 1053 3183; x_wconf 87' lang='lat' dir='ltr'><strong>quod</strong></span> <span class='ocrx_word' id='word_1_148' title='bbox 1076 3113 1176 3165; x_wconf 87' lang='lat' dir='ltr'><strong>autem</strong></span> <span class='ocrx_word' id='word_1_149' title='bbox 1200 3104 1239 3164; x_wconf 80' lang='lat' dir='ltr'><strong>ad</strong></span> 
     </span>
     <span class='ocr_line' id='line_1_18' title="bbox 104 3205 1247 3294; baseline 0.002 -32"><span class='ocrx_word' id='word_1_150' title='bbox 104 3223 141 3262; x_wconf 84' lang='lat' dir='ltr'><strong>ea</strong></span> <span class='ocrx_word' id='word_1_151' title='bbox 163 3205 274 3284; x_wconf 89' lang='lat' dir='ltr'><strong>scripta</strong></span> <span class='ocrx_word' id='word_1_152' title='bbox 295 3208 415 3281; x_wconf 82' lang='lat' dir='ltr'><strong>attinet,</strong></span> <span class='ocrx_word' id='word_1_153' title='bbox 441 3225 518 3286; x_wconf 88' lang='lat' dir='ltr'><strong>quae</strong></span> <span class='ocrx_word' id='word_1_154' title='bbox 540 3207 695 3266; x_wconf 89' lang='lat' dir='ltr'><strong>Aristoteli</strong></span> <span class='ocrx_word' id='word_1_155' title='bbox 718 3208 871 3286; x_wconf 84' lang='lat' dir='ltr'><strong>supposita</strong></span> <span class='ocrx_word' id='word_1_156' title='bbox 891 3225 957 3266; x_wconf 90' lang='lat' dir='ltr'><strong>esse</strong></span> <span class='ocrx_word' id='word_1_157' title='bbox 977 3215 1101 3278; x_wconf 80' lang='lat' dir='ltr'><strong>constat,</strong></span> <span class='ocrx_word' id='word_1_158' title='bbox 1132 3227 1170 3266; x_wconf 84' lang='lat' dir='ltr'><strong>ex</strong></span> <span class='ocrx_word' id='word_1_159' title='bbox 1194 3213 1247 3294; x_wconf 37' lang='lat' dir='ltr'><strong>ta·-</strong></span> 
     </span>
     <span class='ocr_line' id='line_1_19' title="bbox 103 3306 1319 3389; baseline 0.003 -27"><span class='ocrx_word' id='word_1_160' title='bbox 103 3306 181 3365; x_wconf 89' lang='lat' dir='ltr'><strong>libus</strong></span> <span class='ocrx_word' id='word_1_161' title='bbox 204 3306 294 3365; x_wconf 88' lang='lat' dir='ltr'><strong>rebus</strong></span> <span class='ocrx_word' id='word_1_162' title='bbox 317 3307 394 3365; x_wconf 84' lang='lat' dir='ltr'><strong>effici</strong></span> <span class='ocrx_word' id='word_1_163' title='bbox 417 3317 525 3387; x_wconf 86' lang='lat' dir='ltr'><strong>potest,</strong></span> <span class='ocrx_word' id='word_1_164' title='bbox 561 3309 722 3387; x_wconf 88' lang='lat' dir='ltr'><strong>propiusue</strong></span> <span class='ocrx_word' id='word_1_165' title='bbox 756 3307 899 3367; x_wconf 84' lang='lat' dir='ltr'><strong>accedant</strong></span> <span class='ocrx_word' id='word_1_166' title='bbox 932 3308 970 3368; x_wconf 87' lang='lat' dir='ltr'><strong>ad</strong></span> <span class='ocrx_word' id='word_1_167' title='bbox 1004 3308 1174 3389; x_wconf 88' lang='lat' dir='ltr'><strong>philosophi</strong></span> <span class='ocrx_word' id='word_1_168' title='bbox 1207 3317 1239 3366; x_wconf 86' lang='lat' dir='ltr'><strong>et</strong></span> <span class='ocrx_word' id='word_1_169' title='bbox 1317 3321 1319 3326; x_wconf 85' lang='lat'>&#39;</span> 
     </span>
     <span class='ocr_line' id='line_1_20' title="bbox 103 3399 1240 3488; baseline 0.002 -22"><span class='ocrx_word' id='word_1_170' title='bbox 103 3405 222 3466; x_wconf 86' lang='lat' dir='ltr'><strong>dicendi</strong></span> <span class='ocrx_word' id='word_1_171' title='bbox 245 3409 388 3468; x_wconf 83' lang='lat' dir='ltr'><strong>rationem</strong></span> <span class='ocrx_word' id='word_1_172' title='bbox 404 3419 435 3470; x_wconf 91' lang='lat' dir='ltr'><strong>et</strong></span> <span class='ocrx_word' id='word_1_173' title='bbox 455 3419 573 3488; x_wconf 91' lang='lat' dir='ltr'><strong>tempus</strong></span> <span class='ocrx_word' id='word_1_174' title='bbox 595 3431 632 3469; x_wconf 87' lang='lat' dir='ltr'><strong>au</strong></span> <span class='ocrx_word' id='word_1_175' title='bbox 654 3411 771 3488; x_wconf 91' lang='lat' dir='ltr'><strong>longius</strong></span> <span class='ocrx_word' id='word_1_176' title='bbox 792 3409 927 3470; x_wconf 88' lang='lat' dir='ltr'><strong>distent.&#39;</strong></span> <span class='ocrx_word' id='word_1_177' title='bbox 955 3399 1045 3470; x_wconf 80' lang='lat' dir='ltr'><strong>Addo</strong></span> <span class='ocrx_word' id='word_1_178' title='bbox 1066 3429 1105 3468; x_wconf 86' lang='lat' dir='ltr'><strong>ex</strong></span> <span class='ocrx_word' id='word_1_179' title='bbox 1120 3407 1240 3476; x_wconf 82' lang='lat' dir='ltr'><strong>dicendi</strong></span> 
     </span>
     <span class='ocr_line' id='line_1_21' title="bbox 103 3511 1240 3594; baseline 0.004 -26"><span class='ocrx_word' id='word_1_180' title='bbox 103 3512 218 3570; x_wconf 78' lang='lat' dir='ltr'><strong>ratione</strong></span> <span class='ocrx_word' id='word_1_181' title='bbox 253 3512 414 3570; x_wconf 77' lang='lat' dir='ltr'><strong>accuratius</strong></span> <span class='ocrx_word' id='word_1_182' title='bbox 437 3511 592 3572; x_wconf 85' lang='lat' dir='ltr'><strong>tractanda</strong></span> <span class='ocrx_word' id='word_1_183' title='bbox 613 3512 693 3570; x_wconf 86' lang='lat' dir='ltr'><strong>haud</strong></span> <span class='ocrx_word' id='word_1_184' title='bbox 716 3533 781 3574; x_wconf 88' lang='lat' dir='ltr'><strong>raro</strong></span> <span class='ocrx_word' id='word_1_185' title='bbox 809 3531 955 3594; x_wconf 85' lang='lat' dir='ltr'><strong>apparere</strong></span> <span class='ocrx_word' id='word_1_186' title='bbox 988 3520 1019 3571; x_wconf 90' lang='lat' dir='ltr'><strong>et</strong></span> <span class='ocrx_word' id='word_1_187' title='bbox 1051 3518 1114 3570; x_wconf 89' lang='lat' dir='ltr'><strong>tota</strong></span> <span class='ocrx_word' id='word_1_188' title='bbox 1145 3512 1240 3590; x_wconf 87' lang='lat' dir='ltr'><strong>ipsius</strong></span> 
     </span>
     <span class='ocr_line' id='line_1_22' title="bbox 102 3605 1238 3692; baseline 0 -22"><span class='ocrx_word' id='word_1_189' title='bbox 102 3605 408 3692; x_wconf 58' lang='lat' dir='ltr'><strong>Aristotelis&#39;scripta</strong></span> <span class='ocrx_word' id='word_1_190' title='bbox 435 3616 512 3674; x_wconf 91' lang='lat' dir='ltr'><strong>inter</strong></span> <span class='ocrx_word' id='word_1_191' title='bbox 546 3633 579 3672; x_wconf 88' lang='lat' dir='ltr'><strong>se</strong></span> <span class='ocrx_word' id='word_1_192' title='bbox 613 3621 643 3674; x_wconf 85' lang='lat' dir='ltr'><strong>st</strong></span> <span class='ocrx_word' id='word_1_193' title='bbox 677 3614 808 3690; x_wconf 86' lang='lat' dir='ltr'><strong>singulos</strong></span> <span class='ocrx_word' id='word_1_194' title='bbox 841 3611 932 3673; x_wconf 92' lang='lat' dir='ltr'><strong>libros</strong></span> <span class='ocrx_word' id='word_1_195' title='bbox 967 3614 1101 3691; x_wconf 89' lang='lat' dir='ltr'><strong>ejusdem</strong></span> <span class='ocrx_word' id='word_1_196' title='bbox 1137 3613 1238 3692; x_wconf 88' lang='lat' dir='ltr'><strong>scripti</strong></span> 
     </span>
     <span class='ocr_line' id='line_1_23' title="bbox 102 3713 1238 3796; baseline 0 -24"><span class='ocrx_word' id='word_1_197' title='bbox 102 3715 177 3772; x_wconf 88' lang='lat' dir='ltr'><strong>miro</strong></span> <span class='ocrx_word' id='word_1_198' title='bbox 201 3713 289 3774; x_wconf 91' lang='lat' dir='ltr'><strong>modo</strong></span> <span class='ocrx_word' id='word_1_199' title='bbox 314 3714 483 3790; x_wconf 81' lang='lat' dir='ltr'><strong>dissentire3</strong></span> <span class='ocrx_word' id='word_1_200' title='bbox 507 3735 652 3794; x_wconf 82' lang='lat' dir='ltr'><strong>quaeres</strong></span> <span class='ocrx_word' id='word_1_201' title='bbox 672 3716 796 3776; x_wconf 88' lang='lat' dir='ltr'><strong>multum</strong></span> <span class='ocrx_word' id='word_1_202' title='bbox 821 3714 962 3795; x_wconf 88' lang='lat' dir='ltr'><strong>prodesse</strong></span> <span class='ocrx_word' id='word_1_203' title='bbox 983 3722 1083 3796; x_wconf 88' lang='lat' dir='ltr'><strong>potest</strong></span> <span class='ocrx_word' id='word_1_204' title='bbox 1102 3715 1140 3774; x_wconf 88' lang='lat' dir='ltr'><strong>ad</strong></span> <span class='ocrx_word' id='word_1_205' title='bbox 1157 3713 1238 3792; x_wconf 92' lang='lat' dir='ltr'><strong>judi-</strong></span> 
     </span>
     <span class='ocr_line' id='line_1_24' title="bbox 103 3815 1242 3897; baseline 0.001 -23"><span class='ocrx_word' id='word_1_206' title='bbox 103 3817 196 3888; x_wconf 88' lang='lat' dir='ltr'><strong>cium,</strong></span> <span class='ocrx_word' id='word_1_207' title='bbox 227 3837 285 3896; x_wconf 90' lang='lat' dir='ltr'><strong>quo</strong></span> <span class='ocrx_word' id='word_1_208' title='bbox 317 3817 418 3877; x_wconf 89' lang='lat' dir='ltr'><strong>ordine</strong></span> <span class='ocrx_word' id='word_1_209' title='bbox 454 3819 630 3878; x_wconf 82' lang='lat' dir='ltr'><strong>Aristoteles</strong></span> <span class='ocrx_word' id='word_1_210' title='bbox 663 3817 753 3877; x_wconf 91' lang='lat' dir='ltr'><strong>libros</strong></span> <span class='ocrx_word' id='word_1_211' title='bbox 788 3819 954 3897; x_wconf 87' lang='lat' dir='ltr'><strong>scripserit,</strong></span> <span class='ocrx_word' id='word_1_212' title='bbox 989 3815 1242 3888; x_wconf 85' lang='lat' dir='ltr'><strong>constituendum,</strong></span> 
     </span>
     <span class='ocr_line' id='line_1_25' title="bbox 103 3907 1242 3998; baseline 0.002 -24"><span class='ocrx_word' id='word_1_213' title='bbox 103 3917 140 3974; x_wconf 86' lang='lat' dir='ltr'><strong>ln</strong></span> <span class='ocrx_word' id='word_1_214' title='bbox 162 3917 298 3978; x_wconf 92' lang='lat' dir='ltr'><strong>omnibus</strong></span> <span class='ocrx_word' id='word_1_215' title='bbox 315 3938 387 3978; x_wconf 88' lang='lat' dir='ltr'><strong>vero</strong></span> <span class='ocrx_word' id='word_1_216' title='bbox 406 3920 519 3979; x_wconf 84' lang='lat' dir='ltr'><strong>talibus</strong></span> <span class='ocrx_word' id='word_1_217' title='bbox 539 3922 628 3980; x_wconf 90' lang='lat' dir='ltr'><strong>rebus</strong></span> <span class='ocrx_word' id='word_1_218' title='bbox 653 3907 767 3979; x_wconf 86' lang='lat' dir='ltr'><strong>summa</strong></span> <span class='ocrx_word' id='word_1_219' title='bbox 790 3921 928 3979; x_wconf 88' lang='lat' dir='ltr'><strong>cautione</strong></span> <span class='ocrx_word' id='word_1_220' title='bbox 948 3939 1022 3998; x_wconf 90' lang='lat' dir='ltr'><strong>opus</strong></span> <span class='ocrx_word' id='word_1_221' title='bbox 1045 3938 1111 3978; x_wconf 91' lang='lat' dir='ltr'><strong>esse</strong></span> <span class='ocrx_word' id='word_1_222' title='bbox 1134 3919 1242 3992; x_wconf 89' lang='lat' dir='ltr'><strong>elucet,</strong></span> 
     </span>
     <span class='ocr_line' id='line_1_26' title="bbox 104 4015 1241 4102; baseline 0.004 -26"><span class='ocrx_word' id='word_1_223' title='bbox 104 4019 146 4078; x_wconf 82' lang='lat' dir='ltr'><strong>ita</strong></span> <span class='ocrx_word' id='word_1_224' title='bbox 169 4029 201 4080; x_wconf 94' lang='lat' dir='ltr'><strong>ut</strong></span> <span class='ocrx_word' id='word_1_225' title='bbox 224 4020 296 4079; x_wconf 89' lang='lat' dir='ltr'><strong>nihil</strong></span> <span class='ocrx_word' id='word_1_226' title='bbox 319 4021 419 4101; x_wconf 91' lang='lat' dir='ltr'><strong>profici</strong></span> <span class='ocrx_word' id='word_1_227' title='bbox 443 4041 531 4101; x_wconf 91' lang='lat' dir='ltr'><strong>posse</strong></span> <span class='ocrx_word' id='word_1_228' title='bbox 553 4031 700 4100; x_wconf 81' lang='lat' dir='ltr'><strong>putemus,</strong></span> <span class='ocrx_word' id='word_1_229' title='bbox 733 4023 790 4082; x_wconf 89' lang='lat' dir='ltr'><strong>nisi</strong></span> <span class='ocrx_word' id='word_1_230' title='bbox 811 4015 870 4082; x_wconf 92' lang='lat' dir='ltr'><strong>hoc</strong></span> <span class='ocrx_word' id='word_1_231' title='bbox 892 4031 1027 4082; x_wconf 90' lang='lat' dir='ltr'><strong>tenemus</strong></span> <span class='ocrx_word' id='word_1_232' title='bbox 1051 4020 1131 4102; x_wconf 88' lang='lat' dir='ltr'><strong>quod</strong></span> <span class='ocrx_word' id='word_1_233' title='bbox 1155 4039 1241 4100; x_wconf 82' lang='lat' dir='ltr'><strong>prse-</strong></span> 
     </span>
     <span class='ocr_line' id='line_1_27' title="bbox 105 4111 1242 4202; baseline 0 -22"><span class='ocrx_word' id='word_1_234' title='bbox 105 4122 215 4200; x_wconf 87' lang='lat' dir='ltr'><strong>cipitur</strong></span> <span class='ocrx_word' id='word_1_235' title='bbox 247 4122 279 4181; x_wconf 91' lang='lat' dir='ltr'><strong>in</strong></span> <span class='ocrx_word' id='word_1_236' title='bbox 300 4122 557 4202; x_wconf 83' lang='lat' dir='ltr'><strong>Physiognomicis</strong></span> <span class='ocrx_word' id='word_1_237' title='bbox 592 4123 664 4188; x_wconf 82' lang='grc'><strong>806.</strong></span> <span class='ocrx_word' id='word_1_238' title='bbox 689 4123 717 4185; x_wconf 87' lang='lat' dir='ltr'><strong>b.</strong></span> <span class='ocrx_word' id='word_1_239' title='bbox 741 4123 902 4190; x_wconf 75' lang='lat'><strong>37-807.</strong></span> <span class='ocrx_word' id='word_1_240' title='bbox 925 4145 952 4186; x_wconf 83' lang='lat' dir='ltr'><strong>a.</strong></span> <span class='ocrx_word' id='word_1_241' title='bbox 976 4122 1013 4186; x_wconf 88' lang='lat'><strong>3:</strong></span> <span class='ocrx_word' id='word_1_242' title='bbox 1048 4111 1126 4194; x_wconf 84' lang='grc' dir='ltr'><strong>ὅλως</strong></span> <span class='ocrx_word' id='word_1_243' title='bbox 1144 4117 1177 4180; x_wconf 78' lang='grc' dir='ltr'><strong>δὲ</strong></span> <span class='ocrx_word' id='word_1_244' title='bbox 1199 4117 1242 4180; x_wconf 73' lang='grc' dir='ltr'><strong>τό</strong></span> 
     </span>
     <span class='ocr_line' id='line_1_28' title="bbox 104 4213 1243 4306; baseline 0.003 -29"><span class='ocrx_word' id='word_1_245' title='bbox 104 4219 149 4284; x_wconf 81' lang='grc' dir='ltr'><strong>ἐνὶ</strong></span> <span class='ocrx_word' id='word_1_246' title='bbox 172 4219 228 4302; x_wconf 73' lang='grc' dir='ltr'><strong>μὲν</strong></span> <span class='ocrx_word' id='word_1_247' title='bbox 251 4213 415 4284; x_wconf 68' lang='grc' dir='ltr'><strong>πιστεύειν</strong></span> <span class='ocrx_word' id='word_1_248' title='bbox 434 4231 500 4284; x_wconf 80' lang='grc' dir='ltr'><strong>τῶν</strong></span> <span class='ocrx_word' id='word_1_249' title='bbox 531 4224 663 4306; x_wconf 74' lang='grc' dir='ltr'><strong><em>σημείων</em></strong></span> <span class='ocrx_word' id='word_1_250' title='bbox 686 4217 801 4298; x_wconf 59' lang='grc' dir='ltr'><strong><em>εὔηθες·</em></strong></span> <span class='ocrx_word' id='word_1_251' title='bbox 833 4215 916 4284; x_wconf 81' lang='grc' dir='ltr'><strong><em>ὅταν</em></strong></span> <span class='ocrx_word' id='word_1_252' title='bbox 936 4219 969 4282; x_wconf 77' lang='grc' dir='ltr'><strong>δὲ</strong></span> <span class='ocrx_word' id='word_1_253' title='bbox 993 4221 1089 4284; x_wconf 81' lang='grc' dir='ltr'><strong>πλείω</strong></span> <span class='ocrx_word' id='word_1_254' title='bbox 1112 4231 1243 4304; x_wconf 76' lang='grc' dir='ltr'><strong><em>συμφω-</em></strong></span> 
     </span>
     <span class='ocr_line' id='line_1_29' title="bbox 106 4317 1244 4408; baseline 0.002 -28"><span class='ocrx_word' id='word_1_255' title='bbox 106 4329 228 4384; x_wconf 75' lang='grc' dir='ltr'><em>νοῦντα</em></span> <span class='ocrx_word' id='word_1_256' title='bbox 261 4317 333 4384; x_wconf 61' lang='grc' dir='ltr'>καθ’</span> <span class='ocrx_word' id='word_1_257' title='bbox 361 4319 427 4398; x_wconf 76' lang='grc' dir='ltr'><em>ἑνὸς</em></span> <span class='ocrx_word' id='word_1_258' title='bbox 456 4320 556 4406; x_wconf 67' lang='grc' dir='ltr'>λάβῃ,</span> <span class='ocrx_word' id='word_1_259' title='bbox 596 4328 720 4408; x_wconf 82' lang='grc' dir='ltr'>μᾶλλον</span> <span class='ocrx_word' id='word_1_260' title='bbox 748 4319 805 4398; x_wconf 71' lang='grc' dir='ltr'><strong>ἤδη</strong></span> <span class='ocrx_word' id='word_1_261' title='bbox 833 4321 921 4386; x_wconf 67' lang='grc' dir='ltr'><em>κατὰ</em></span> <span class='ocrx_word' id='word_1_262' title='bbox 950 4321 992 4384; x_wconf 84' lang='grc' dir='ltr'><strong>τὸ</strong></span> <span class='ocrx_word' id='word_1_263' title='bbox 1023 4317 1101 4396; x_wconf 68' lang='lat' dir='ltr'><strong>stada</strong></span> <span class='ocrx_word' id='word_1_264' title='bbox 1131 4317 1173 4384; x_wconf 81' lang='grc' dir='ltr'><strong>ἄν</strong></span> <span class='ocrx_word' id='word_1_265' title='bbox 1195 4345 1244 4396; x_wconf 80' lang='grc' dir='ltr'><strong>τις</strong></span> 
     </span>
    </p>

    <p class='ocr_par' dir='ltr' id='par_1_2' title="bbox 1005 4445 1036 4494">
     <span class='ocr_line' id='line_1_30' title="bbox 1005 4445 1036 4494; baseline 0 -14"><span class='ocrx_word' id='word_1_266' title='bbox 1005 4445 1036 4494; x_wconf 63' lang='grc'><strong>1*</strong></span> 
     </span>
    </p>
   </div>
   <div class='ocr_carea' id='block_1_2' title="bbox 0 0 1480 5076">
    <p class='ocr_par' dir='ltr' id='par_1_3' title="bbox 0 0 1480 5076">
     <span class='ocr_line' id='line_1_31' title="bbox 0 0 1480 5076; baseline 0 0"><span class='ocrx_word' id='word_1_267' title='bbox 0 0 1480 5076; x_wconf 95' lang='lat' dir='ltr'><strong> </strong></span> 
     </span>
    </p>
   </div>
  </div>
 </body>
</html>
