2950 5076
700 405 930 470 -114-

235 576 316 654 ντί,
338 599 367 641 c.
390 577 423 641 4.
449 574 510 641 195
525 574 545 639 b
562 573 614 656 33,
643 575 700 640 νῦν
728 573 767 639 δὲ
795 577 894 639 τοῦτο
926 567 1010 638 ἔστω
1035 564 1192 659 φανερόν,
1217 566 1268 636 ὅτι
1290 559 1379 654 dinuo

236 685 271 755 ἰν
293 691 364 767 τοῖς
390 681 485 752 ἕνεκά
511 678 572 750 τοό
602 682 701 762 ἐστιν,
729 709 757 746 ο.
781 685 811 746 5.
839 685 898 748 196
915 685 934 747 b
951 686 1008 764 32,
1035 680 1095 748 τόν
1122 680 1160 746 dd
1186 675 1308 766 τρόπον
1329 681 1380 766 τῆς

238 795 349 878 αἰτίας
377 797 412 864 ἐν
440 799 512 874 τοῖς
542 791 626 862 ὅθεν
655 789 674 884 ἢ
706 786 787 880 ἀρχὴ
815 795 874 878 τῆς
902 789 1064 880 κινήσεως
1091 786 1247 878 ἑκάτερον
1274 783 1379 862 αὐτῶν,

237 933 265 975 e.
288 909 320 974 6.
346 907 406 975 198
423 909 487 989 a2,
510 904 718 970 scribendum
741 903 976 970 videturesse:
1003 894 1106 968 ἰίίίον
1129 902 1167 970 δὲ
1189 896 1312 988 τρόπον
1330 901 1365 986 τῆ

239 1013 361 1096 αἰτίας.
406 1017 493 1084 Nam
516 1012 572 1081 ἕνα
588 1013 653 1097 ’μὲν
675 1008 802 1100 τρόπον
823 1015 881 1101 τῆς
904 1008 1014 1092 αἰτίας
1036 1004 1139 1100 dinque
1155 1008 1191 1080 ἰν
1211 1015 1280 1090 τοῖς
1300 1003 1381 1076 ἕνεκά

234 1117 295 1195 τόό
318 1126 419 1205 ἐστιν,
443 1119 547 1192 dii-ov
568 1124 608 1192 dd
629 1122 664 1192 ἐν
685 1128 755 1204 τοῖς
777 1121 861 1190 ὅθεν
883 1119 902 1210 ἡ
926 1118 1008 1212 ἆρχὴ
1030 1126 1090 1210 τῆς
1111 1117 1281 1212 κινήσεως.

324 1237 417 1318 Quae
440 1237 467 1303 si
489 1251 568 1300 vere
589 1247 672 1316 sunt,
696 1227 800 1301 όίλον
822 1233 970 1300 vocabuli
993 1232 1203 1299 mutationem
1224 1255 1287 1298 non
1304 1227 1379 1296 oasui

236 1350 290 1415 vel
323 1347 440 1430 errori,
478 1344 536 1410 sed
571 1343 704 1434 oonsilio
737 1343 860 1410 librarii
892 1343 1096 1411 tribuendam
1130 1363 1203 1408 esse
1235 1353 1380 1430 putamus.

237 1459 355 1548 Neque
379 1479 477 1522 eausa
498 1478 557 1521 eur
579 1454 754 1521 mutaverit·
778 1453 916 1520 difficilis
944 1464 995 1518 est
1017 1453 1058 1518 ad
1080 1452 1265 1518 videndum.
1306 1449 1380 1515 Nom

237 1568 445 1658 perturbatus
473 1565 582 1653 aliqua
604 1587 647 1630 ex
669 1571 763 1652 parta
785 1573 833 1630 est
855 1563 1079 1653 disputationis
1102 1563 1197 1645 ordo,
1231 1583 1301 1628 oum
1322 1557 1381 1626 Ari·

237 1678 378 1760 etoteles,
401 1685 573 1765 postquam
596 1695 706 1740 casum
727 1674 928 1762 comparavit
943 1695 1058 1739 naneae
1080 1672 1177 1754 finali,
1200 1695 1264 1738 non
1286 1667 1380 1735 statim

238 1787 347 1869 addat,
370 1807 455 1874 quae
477 1785 604 1852 rationi
625 1786 668 1850 sit
684 1807 755 1850 aum
772 1807 870 1851 eausa
886 1783 1048 1865 efficienti,
1072 1782 1129 1849 sed
1150 1779 1380 1870 disputationem

236 1897 414 1986 interponit
433 1897 476 1963 de
499 1895 681 1962 discrimine
697 1894 783 1982 quod
799 1895 885 1961 inter
900 1917 1011 1961 casum
1027 1904 1060 1960 et
1074 1895 1191 1960 fortem
1205 1886 1378 1956 intercedat.

237 2006 354 2095 Itaque
383 2008 410 2072 si
434 2006 505 2094 quis
535 2025 619 2094 quae
646 2005 730 2072 hane
758 2003 989 2092 expositionem
1018 2001 1213 2069 antecedunt
1234 2024 1296 2068 non
1317 1995 1380 2062 satis

238 2116 394 2182 memoria
420 2117 539 2198 tenuit,
568 2107 671 2182 όίλίον
693 2115 730 2184 δὲ
752 2111 879 2204 τρόπον
900 2117 959 2200 τῆς
981 2109 1092 2191 αἰτίας
1119 2111 1207 2178 nullo
1234 2109 1324 2176 modo
1343 2104 1379 2168 in·

238 2223 394 2314 teliegese
415 2237 542 2315 poterat
563 2225 702 2314 ideoque
725 2225 872 2294 mutavit.
918 2223 1014 2304 Quod
1043 2234 1152 2290 autem
1175 2214 1380 2309 disputationis

238 2356 335 2423 quem
359 2346 528 2424 exspectas
550 2335 696 2402 ordinem
719 2335 911 2402 Aristoteles
938 2357 1003 2400 non
1031 2333 1189 2415 servavit,
1218 2351 1313 2395 causa
1332 2324 1381 2390 sits

239 2466 311 2510 esse
333 2445 366 2510 in
389 2469 426 2511 eo
449 2445 587 2529 videtur,
611 2445 698 2533 quod
721 2445 775 2511 ubi
797 2467 907 2512 ossum
933 2455 965 2510 et
986 2445 1103 2520 fortem
1126 2445 1211 2511 intes·
1233 2463 1268 2506 se
1290 2437 1381 2502 distin·

237 2553 316 2641 gnit,
328 2553 426 2619 =finali
442 2556 582 2622 maxime
597 2578 694 2622 eausa
709 2556 830 2639 nititur,
853 2556 894 2621 of.
917 2579 943 2620 ο.
960 2559 990 2622 6.
1008 2553 1067 2620 191
1084 2553 1106 2619 b
1124 2553 1177 2619 18:
1199 2547 1283 2618 dinsa
1300 2563 1374 2635 φανο

238 2661 299 2749 odo
321 2657 374 2733 ότι
396 2662 431 2730 ἐν
452 2670 522 2745 τοῖς
538 2659 657 2746 ἁπλῶς
675 2662 769 2733 ἕνεκά
786 2687 846 2733 του
862 2663 1059 2752 γινομένοις,
1082 2659 1163 2728 όταν
1179 2661 1224 2752 μὴ
1241 2662 1300 2728 τοῦ
1319 2677 1382 2736 οομ·

238 2769 361 2858 βάντας
383 2773 478 2842 ἕνεκα
501 2775 634 2863 γίνηται
657 2765 701 2844 οὗ
717 2773 779 2856 ἔξω
795 2775 835 2843 τό
854 2772 974 2855 αἴτιον,
996 2770 1073 2840 τότε
1094 2768 1165 2841 dud
1188 2761 1382 2853 ταύτομάτου

238 2884 389 2971 λέγομεν·
416 2879 490 2952 ἀπὸ
514 2882 614 2974 τύχης
641 2886 693 2966 δὲ,
728 2882 855 2953 τούτων
885 2881 949 2953 ὅσα
975 2878 1047 2952 dud
1071 2878 1244 2969 ταόμότον
1272 2878 1383 2968 γίνεται

237 2997 304 3060 τῶν
329 3000 540 3083 προαιρετόν
566 3001 637 3076 τοῖς
664 2993 777 3080 ἔχουσι
805 2993 1014 3084 προαίρεσιν.
1059 2996 1079 3060 b
1101 2995 1143 3060 30
1157 3016 1247 3082 seqq.
1281 2992 1382 3075 Itaque

240 3115 324 3185 erat,
366 3129 423 3172 eus
457 3106 649 3174 Aristoteles
683 3107 908 3196 disputationis
942 3105 1055 3172 ordine
1088 3126 1184 3193 quem
1217 3101 1382 3170 instituerat

239 3215 351 3304 aliqua·
375 3238 417 3282 ex
443 3226 535 3302 purte
563 3217 711 3304 neglecto
739 3217 820 3282 haee
849 3217 956 3282 statim
978 3215 1169 3302 adiungeret
1190 3215 1229 3279 iis
1250 3231 1330 3300 quae
1349 3204 1381 3270 de

180 3349 188 3375 ν
238 3309 478 3391 necessitudine
499 3325 584 3392 inter
607 3347 737 3393 eausam
758 3327 887 3393 finalem
912 3337 944 3392 et
966 3343 1077 3392 casum
1099 3322 1280 3411 fortemque
1300 3320 1382 3385 intes

240 3433 375 3502 cedente
398 3433 601 3504 disseruerat

729 3635 927 3650 σήν-

609 3801 884 3980 Excursus
909 3876 1017 4012 IV.

204 4116 207 4124 ·
324 4084 404 4151 Met.
427 4089 474 4165 A,
501 4084 617 4150 10121)
636 4085 771 4171 14seqq.
798 4081 948 4152 inlibris
976 4108 1072 4153 manu
1094 4084 1223 4174 seriptis
1245 4084 1381 4172 leguntur

237 4197 337 4263 haee:
360 4193 508 4284 διαγωγή
525 4191 558 4264 δ’
576 4193 665 4264 ἐστίν
679 4189 771 4284 οίαὴ
789 4190 905 4285 οἰρίατη
925 4193 1044 4284 μικρὸν
1059 4189 1177 4283 χρόνον
1195 4189 1282 4284 ἡμῖν·
1304 4186 1379 4259 οίτα

238 4305 301 4393 γὰρ
317 4300 374 4374 dei
389 4301 496 4375 ἐκεῖνό
512 4305 601 4377 ἐστιν
616 4301 709 4398 (ἡμῖν
721 4307 783 4392 μὲν
798 4306 860 4396 γοίρ
877 4301 1067 4392 ἀδύνατον),
1088 4303 1236 4374 enniani
1252 4300 1272 4396 'i
1287 4295 1377 4392 ἡδονή

235 4411 386 4505 &durato
401 4413 536 4486 τούτου.
