2966 5072
764 455 801 516 lu

271 625 343 706 quis
364 624 514 704 eximius,
547 621 675 707 qualem
702 615 867 690 Socratem
898 623 997 690 luisse
1031 630 1171 702 constat,
1203 647 1296 690 sunm

270 749 340 792 csse
363 729 509 796 crederet
532 727 762 809 demonstrare,
784 749 848 812 qua
871 725 1058 812 disputandi
1080 749 1233 811 perversa
1247 751 1298 794 ra-

269 833 357 898 tione
380 835 515 900 scientie
536 839 623 898 esset
645 839 814 916 corrupta,
843 827 955 898 eadem
977 833 1147 899 emendata
1168 839 1202 899 et
1223 854 1299 916 pur·

270 943 347 1020 gata
369 937 467 1002 etiam
489 937 606 1022 corrigi
639 938 805 1002 scientiam
833 936 986 1020 reficique
1008 939 1127 1020 posse?
1177 938 1219 1004 Id.
1244 959 1299 1004 au*

269 1046 335 1104 tem
357 1041 446 1107 nullo
468 1042 532 1107 alio
553 1043 648 1109 modo
670 1043 741 1108 fieri
768 1064 864 1125 posse
892 1043 1044 1125 videbat,
1077 1046 1140 1110 nisi
1170 1046 1198 1111 si
1229 1046 1298 1128 ipsc

270 1146 444 1212 dissereret
463 1152 497 1211 et
529 1167 641 1212 eorum
670 1153 813 1214 tentaret
835 1149 972 1228 animos,
1008 1149 1064 1232 qni
1093 1171 1128 1214 se
1158 1149 1298 1234 aliquam

186 1311 191 1320 ,
269 1271 337 1314 rem
368 1252 449 1315 scire
480 1251 717 1334 profiterentur.
772 1252 886 1336 Itaque
913 1252 981 1316 fere
1007 1273 1238 1337 usquequaque
1264 1257 1299 1320 in

270 1355 398 1438 scriptis
419 1362 564 1421 veterum
584 1357 847 1440 philosophorum
869 1356 1033 1422 Socratem
1055 1379 1127 1423 cum
1150 1359 1221 1434 aliis
1235 1358 1298 1424 col-

268 1459 452 1544 loquentem
472 1460 616 1528 videmus
637 1462 701 1542 ita,
722 1467 760 1525 ut
780 1461 1000 1544 percontando
1024 1467 1056 1526 et
1067 1463 1297 1546 interrogando

270 1583 381 1628 eorum
402 1565 567 1647 opiniones
591 1565 697 1630 eliciat
720 1570 752 1630 et
773 1569 842 1628 tmn
865 1564 906 1629 ad
925 1585 983 1658 ¹ee,
1007 1558 1089 1649 qnae
1110 1565 1144 1630 hi
1166 1587 1297 1649 respon·

270 1667 393 1748 derint,
418 1670 445 1733 si
468 1668 545 1753 quid
566 1669 727 1751 videatur,
761 1671 861 1750 dicat,
885 1670 980 1735 modo
1003 1669 1195 1737 confirmans
1217 1670 1296 1734 alte·
1346 1720 1348 1724 .

268 1773 336 1838 rius
360 1773 550 1857 opinionem,
573 1777 670 1842 modo
682 1779 855 1862 corrigens,
879 1779 1007 1861 saepius
1018 1777 1176 1842 refellens.
1222 1776 1296 1842 Gre-

269 1876 368 1942 debat
391 1879 475 1943 enim
496 1880 531 1944 id
554 1881 616 1946 sibi
636 1901 656 1946 a
679 1883 739 1948 deo
756 1884 828 1967 ipso
849 1881 1032 1967 (Delphico)
1065 1895 1137 1947 esse
1164 1881 1297 1946 manda·

269 1986 340 2046 tum
354 1981 416 2066 ²⁶),
439 1988 477 2048 ut
497 1986 580 2051 cives
604 2007 678 2052 suos
707 1987 749 2052 ad
770 1989 922 2051 virtutem
949 1987 1117 2065 incitaret,
1153 1992 1185 2050 et
1219 2007 1297 2069 quo·

269 2085 356 2149 niam
388 2087 540 2152 virtutem
574 2089 608 2154 in
634 2089 768 2154 scientia
802 2090 942 2172 positam
977 2110 1047 2153 esse
1080 2091 1296 2172 existimabat,

268 2189 389 2254 nrrllsm
410 2211 479 2255 rem
499 2191 592 2257 facile
624 2193 859 2276 praetermisit,
894 2213 934 2256 ex
968 2213 1032 2275 qua
1063 2213 1097 2257 se
1129 2198 1187 2258 aut
1215 2193 1295 2258 elios

214 2370 224 2378 θ
269 2295 392 2362 discere
415 2295 538 2379 aliquid
556 2318 652 2380 posse
674 2297 897 2363 arbitrabatur
911 2297 966 2380 ²⁷).

337 2399 503 2478 Quomodo
528 2405 636 2466 autem
659 2400 863 2479 disseruerit,
894 2421 993 2484 quum
1015 2421 1054 2464 ex
1080 2399 1119 2464 iis
1143 2401 1296 2465 sermoni·

270 2489 351 2586 bus,
381 2526 461 2588 quos
484 2506 526 2571 ab
549 2525 681 2570 eccum
704 2505 777 2570 aliis
799 2503 934 2569 collatos
966 2509 1090 2569 veteres
1124 2505 1297 2588 scriptores

268 2610 456 2693 posteritati
477 2609 695 2689 tradiderunt,
718 2607 855 2693 intelligi
875 2613 993 2692 potest,
1014 2608 1196 2672 tumetium
1218 2609 1297 2692 ipsis

268 2713 375 2780 verbis
398 2715 530 2807 dicitur,
553 2715 641 2780 velut
668 2735 689 2780 a
710 2717 910 2796 Xenophonte
936 2714 972 2778 in
1003 2715 1090 2776 Mem.
1112 2712 1165 2791 IV,
1190 2717 1219 2793 6,
1246 2717 1295 2794 13,

269 2819 326 2885 ubi
347 2819 559 2903 Xenophon,
597 2826 770 2904 postquam
800 2838 946 2883 sermone
985 2816 1123 2900 quodam
1160 2815 1295 2899 exempli

270 2938 368 2990 causa
390 2925 515 3009 adjecto
537 2925 688 3004 ostendit,
712 2922 871 3006 quomodo
892 2919 1300 3003 semperadverumquidr

270 3029 357 3112 piam
379 3035 476 3111 atque
499 3028 541 3093 ab
565 3028 711 3094 omnibus
735 3045 920 3110 concessum
942 3030 1107 3108 tamquam
1122 3025 1167 3088 ad·
1182 3024 1294 3088 funda·

269 3139 412 3200 mentum
433 3134 563 3218 aliquod
593 3138 668 3197 ante
698 3131 841 3214 positum
869 3128 1105 3214 dijudicandam
1135 3149 1295 3212 quamque

268 3259 338 3305 rem
364 3244 601 3305 controversam
633 3237 846 3315 revocaverit,
880 3235 998 3318 pergit:
1039 3232 1131 3295 Οὕτω
1165 3231 1200 3294 δὲ
1231 3235 1295 3294 τῶν

269 3343 375 3422 λόγων
396 3345 661 3425 ἐπαναγομένων,
685 3345 814 3414 καὶτοῖς
836 3337 1054 3418 ἄνολέγοοοιν
1071 3333 1179 3410 αὐτοῖς
1192 3356 1295 3419 φανε-

270 3450 328 3535 ρὸν
350 3449 485 3528 ἐγίγνετο
507 3446 659 3533 τάληθές.
704 3435 820 3509 Ὁπότε
837 3443 879 3538 Ιδὲ
903 3441 1000 3517 αὐτός
1019 3467 1048 3506 τι
1071 3446 1114 3528 τῷ
1137 3441 1221 3528 λόγῳ
1244 3441 1295 3505 δι-

269 3557 362 3633 εξίοι,
392 3553 448 3617 did
470 3556 533 3616 τῶν
559 3551 697 3635 μάλιστα
727 3549 994 3633 ὁμολογουμένων
1021 3547 1205 3633 ἐπορεύετο,
1240 3567 1295 3610 νο-
1369 3569 1373 3579 “

268 3659 368 3744 μίζων
401 3657 518 3742 ταύτην
550 3660 606 3742 τὴν
638 3654 825 3740 ἀσφάλειαν
852 3655 936 3716 εἶναι
959 3651 1067 3732 λόγου.
1125 3655 1295 3737 τοιγαροῦν

270 3761 354 3827 πολὺ
375 3761 514 3845 μάλιστα
537 3757 584 3824 ὤν
604 3759 667 3841 ἐγώ
691 3756 783 3837 οῖδα,
817 3742 868 3824 ὅτε
891 3755 993 3837 λέγοι,
1024 3757 1097 3831 τοὺς
1119 3752 1295 3834 ἀκούοντας

270 3865 506 3952 ὁμολογοῦντας
528 3876 671 3951 παρεῖχε.
722 3865 829 3948 Atque
857 3863 937 3934 haec
967 3868 1017 3930 est
1046 3861 1210 3938 Socratica
1238 3860 1294 3931 illa

1085 3987 1094 4028 r

324 4069 372 4140 sc>
390 4072 425 4126 cr.
446 4071 509 4122 αα.
521 4070 595 4139 Apol.
616 4070 696 4134 pes,
714 4072 740 4121 c.
856 4067 903 4136 ον)
923 4070 957 4121 α.
975 4065 1088 4135 rmops.
1100 4065 1175 4118 uem.
1185 4064 1204 4123 1.
1218 4063 1243 4124 c.
1255 4061 1295 4116 u.

271 4159 337 4216 Pras
352 4160 461 4214 rma.
479 4175 502 4225 p.
519 4160 582 4224 2³0,
601 4163 628 4212 Ι).
