2966 5072
817 467 857 530 ta

327 626 503 696 adversarii
532 629 741 716 inducuntur,
775 655 914 719 quorum
944 636 1098 720 cujusque
1128 635 1288 702 sententia
1310 634 1351 702 de

326 731 487 798 industria
523 733 721 820 defenditur,
756 759 776 803 a
806 739 952 822 principe
980 739 1207 822 disputationis
1230 739 1272 805 ad
1293 760 1350 822 po·

325 841 481 903 stremum
503 839 710 906 convincitur.
759 843 797 908 In
819 843 921 909 altero
944 863 1060 926 genere
1082 863 1184 928 neque
1206 849 1244 910 ut
1265 844 1352 909 inter

326 941 528 1007 adversarios
552 942 751 1028 disputatur,
774 967 878 1032 neque
902 951 939 1013 ut
959 968 1043 1011 unus
1064 948 1281 1030 principatum
1302 927 1364 1011 te*

326 1051 418 1127 neat,
450 1044 508 1112 sed
528 1047 575 1112 ita
597 1050 817 1133 potissimum,
847 1057 884 1118 ut
914 1052 1014 1117 totius
1036 1051 1217 1134 argumenti
1238 1054 1350 1134 partes

326 1149 393 1215 fere
415 1151 628 1235 aequabiliter
649 1154 736 1220 inter
759 1155 977 1240 colloquentes
1000 1154 1251 1236 distribuantur,
1272 1175 1350 1238 quo·

321 1275 399 1348 rum
430 1256 546 1339 singuli
576 1277 635 1322 sua
661 1263 827 1343 tamquam
855 1261 1076 1326 incommune
1099 1258 1282 1339 conferant,
1317 1263 1351 1322 et

325 1357 391 1424 hoo
416 1381 515 1444 genus
545 1361 639 1426 alteri
668 1363 754 1429 uelut
776 1364 983 1430 Aristotelieo
1014 1364 1189 1447 opponitur
1218 1361 1350 1428 aCice·

323 1483 413 1528 rone.
458 1464 546 1530 Haeo
569 1466 596 1530 si
617 1467 830 1550 probabiliter
844 1468 1014 1552 disputavi,
1039 1467 1243 1550 pronunciari
1252 1488 1350 1550 posse

327 1567 454 1632 videtur
477 1568 516 1633 de
539 1568 602 1634 alio
623 1570 693 1635 loco
718 1569 874 1652 Tulliano,
898 1573 932 1636 in
954 1591 1017 1655 quo
1039 1571 1109 1653 ipsc
1133 1591 1259 1654 quoqne
1278 1571 1349 1634 Ari-

326 1671 454 1737 stotelei
467 1672 574 1758 ¹moris
594 1675 715 1740 mentio
738 1675 785 1753 fit,
809 1675 851 1740 ad
872 1674 943 1740 Div.
965 1674 991 1756 I,
1012 1679 1041 1757 9,
1062 1677 1114 1738 23.
1158 1673 1251 1738 Hunc
1272 1695 1349 1758 quo-

325 1776 413 1840 niam
424 1774 688 1866 Wyttenbaohius
711 1778 820 1844 inille
844 1778 992 1862 Epistola
1014 1777 1082 1863 pL
1095 1799 1142 1862 sq.
1165 1798 1348 1861 perperam,

325 1884 362 1945 ut
384 1885 481 1962 puto,
503 1879 753 1963 interpretatur,
776 1883 884 1965 magni
905 1883 966 1948 riri
987 1883 1166 1949 reverentia
1186 1882 1280 1963 facit,
1312 1875 1351 1947 ut

325 1983 510 2068 diligentius
532 1985 765 2068 explorandum
787 2007 858 2052 esse
881 1986 1005 2051 ducam.
1051 1986 1194 2070 „Scripsi
1215 1987 1348 2070 igitur“,

324 2089 439 2173 inquit,
464 2088 671 2170 „Aristotelio
692 2109 789 2170 more,
813 2089 1079 2173 quemadmodum
1101 2088 1230 2174 quidem
1252 2090 1348 2171 volui,

325 2198 392 2259 tres
422 2192 523 2257 libros
554 2192 588 2256 in
610 2192 828 2275 disputatione
856 2213 894 2257 ac
917 2192 1043 2277 dialogo
1069 2193 1109 2259 de
1132 2192 1280 2259 Oratore.
1304 2231 1349 2242 -—

324 2295 509 2362 Abhorrent
532 2317 551 2361 a
573 2297 793 2362 communibus
822 2299 1002 2380 praeceptis
1025 2303 1123 2382 atque
1145 2319 1271 2364 omnem
1293 2318 1349 2364 an-

324 2401 489 2483 tiquorum
520 2405 552 2463 et
573 2399 795 2466 Aristoteliam
824 2407 857 2465 et
879 2401 1068 2467 Isocratiam
1097 2402 1256 2467 rationem
1278 2421 1350 2466 ora·

324 2505 441 2568 toriam
465 2503 751 2585 complectuntur.
795 2504 845 2569 Ex
866 2505 916 2570 his
938 2506 1044 2573 verbis
1066 2507 1193 2572 conficit
1204 2506 1350 2591 Wytten·

325 2608 474 2689 bachius,
490 2608 745 2692 ,intelligendam
775 2629 845 2674 earn
869 2631 939 2676 esse
961 2611 1096 2677 formam
1119 2612 1254 2696 dialogi,
1285 2633 1351 2696 qua
1464 2635 1465 2664 r

326 2714 465 2795 scriptor
494 2734 559 2778 non
590 2730 629 2778 ex
658 2733 716 2778 sua
745 2714 815 2796 ipse
836 2735 976 2797 persona
997 2715 1157 2799 loquitur,
1190 2715 1244 2781 sed
1269 2715 1350 2781 alios
1464 2711 1465 2794 ζ

324 2817 491 2901 loquentes
520 2817 655 2882 inducit:
697 2823 729 2882 et
759 2816 843 2883 hunc
876 2819 974 2884 fuisse
1002 2819 1186 2884 Aristotelis
1216 2840 1349 2900 morem,
1464 2827 1465 2896 ξ

326 2922 432 3006 colligi
455 2922 532 2986 dicit
556 2922 767 2986 exAmmonii
788 2923 894 2988 verbis
913 2924 947 2988 in
967 2923 1195 2988 distributione
1215 2923 1351 3005 scripto-

325 3049 397 3096 rum
418 3026 713 3092 Aristotelicorum:
744 3025 913 3105 διαλογικὰ
942 3025 987 3102 δὲ,
1019 3026 1080 3090 ὅσα
1108 3027 1151 3110 μή
1173 3025 1208 3102 ἐξ
1231 3025 1351 3090 οἰκείου
1464 3023 1465 3082 l

325 3129 498 3214 προσώπου
521 3128 671 3215 ἔγραφεν,
698 3127 771 3193 ἀλλ’
787 3128 924 3214 uinuaed
943 3127 1083 3192 Πλάτων
1101 3125 1352 3211 ὑποκρινόμενος
1464 3123 1465 3204 ᾖ

325 3231 441 3319 ἑτέρων
458 3229 630 3316 πρόσωπα.
674 3231 737 3297 Sed
760 3235 810 3298 cui
832 3257 897 3299 non
918 3233 1124 3316 perspicuum
1147 3236 1205 3312 est,
1229 3231 1264 3295 in
1285 3233 1350 3300 isto

325 3337 485 3402 Ammonii
506 3337 576 3402 loco
601 3335 770 3414 διαλογικᾶ
787 3338 905 3420 opponi
922 3332 1185 3417 αὐτοπροσώποις
1199 3336 1222 3399 i.
1235 3356 1262 3400 e.
1276 3353 1348 3400 συν·
1464 3341 1465 3416 i

323 3453 540 3523 ταγματικοῑς·
562 3463 666 3525 neque
688 3442 744 3507 illa
766 3442 950 3507 definitione
972 3440 1033 3505 hoe
1053 3440 1187 3522 excludi,
1211 3447 1247 3507 ut
1270 3444 1347 3508 scri-
1464 3431 1465 3448 ¹

324 3544 427 3627 ptoris
450 3545 551 3627 ipsius
573 3546 607 3608 in
629 3544 756 3628 dialogo
779 3550 889 3627 partes
912 3544 986 3606 sint.
1043 3542 1086 3607 Et
1107 3549 1280 3628 utrumque
1304 3545 1348 3610 fe
1464 3563 1465 3576 ¹

325 3650 406 3714 cisse
419 3648 636 3728 Aristotelem,
659 3648 709 3713 vel
731 3653 768 3713 ut
790 3648 845 3712 alii
867 3647 1084 3730 principatum
1105 3648 1273 3730 tribueret,
1297 3649 1350 3714 vel

323 3758 359 3818 ut
390 3754 460 3836 ipse
491 3753 625 3836 loquens
653 3752 787 3817 eundem
816 3756 958 3832 teneret,
990 3751 1204 3818 intelleximus
1234 3773 1273 3818 ex
1292 3753 1349 3818 illa

323 3857 365 3922 ad
387 3856 531 3922 Atticum
551 3855 699 3938 Epistola
721 3854 990 3939 confirmaturque
1013 3855 1078 3920 alio
1101 3855 1170 3920 loco
1187 3853 1347 3922 Ciceronis

324 3961 366 4026 ad
390 3959 543 4038 Quintum
564 3960 697 4025 fratrem
719 3957 774 4038 III,
794 3962 823 4038 5,
845 3963 872 4038 1,
894 3959 950 4024 ubi
972 3979 1071 4042 quum
1093 3959 1227 4025 dixisset
1249 3981 1269 4024 a
1292 3960 1349 4026 Sa·

321 4066 422 4132 lustio
444 4067 602 4132 monitum
638 4085 708 4130 esse
742 4083 776 4128 se
805 4064 845 4129 de
875 4064 1022 4146 personis
1048 4063 1204 4130 librorum
1226 4064 1266 4130 de
1288 4065 1348 4129 Re-

323 4171 452 4254 publica
474 4171 647 4252 mutandis,
671 4173 844 4252 propterea
868 4169 954 4254 quod
976 4190 1041 4234 non
1057 4174 1142 4234 esset
1161 4168 1348 4233 Heraclides
