2966 5072
807 489 847 550 82

323 652 461 734 scriptor
481 652 648 736 loquatur,
677 655 711 718 in
735 652 931 732 διαλογικοτς
959 661 1066 721 autem
1094 675 1227 740 prorsus
1248 650 1338 728 idem,

323 762 359 820 ut
392 777 431 821 ex
458 778 518 823 sua
546 778 684 841 persona
713 759 872 841 disputet,
907 758 1123 826 concedatur?
1160 757 1286 822 Etenim
1314 753 1341 818 si

323 861 530 943 Aristoteles,
553 867 590 926 ut
611 861 732 926 Bakius
748 869 858 946 putat,
882 863 1001 947 duplex
1022 863 1221 946 dialogorum
1243 875 1340 941 genus

322 965 468 1048 scripsit,
491 987 589 1030 unum
610 967 674 1047 ita,
705 973 742 1032 ut
764 968 835 1032 aliis
858 969 1074 1052 principatum
1094 966 1267 1043 tribueret,
1299 960 1341 1024 al·

321 1074 444 1149 terum,
485 1068 520 1134 in
553 1090 617 1151 qno
652 1071 722 1154 ipse
754 1071 889 1154 loquens
919 1072 1055 1142 eundem
1087 1075 1228 1149 teneret,
1266 1062 1343 1130 nihil

321 1191 453 1255 prorsus
475 1171 647 1256 prohibere
669 1174 782 1240 debuit
803 1175 1023 1257 ammonium,
1047 1197 1111 1260 quo
1133 1176 1238 1241 minus
1260 1173 1342 1235 inter
1371 1227 1375 1237 ,

309 1276 505 1341 ‘Aristotelis
528 1276 696 1356 ancorae
718 1280 766 1343 ita
788 1279 1018 1363 distingueret,
1049 1286 1086 1346 ut
1108 1279 1228 1357 nitere,
1263 1290 1342 1358 quae

321 1400 385 1444 non
415 1400 455 1444 ex
483 1401 542 1445 sua
570 1381 641 1465 ipse
669 1403 809 1466 persona
838 1385 983 1466 scripsit,
1018 1389 1196 1467 opponeret
1225 1377 1342 1453 alteris,
1453 1379 1454 1460 Ῑ

297 1485 354 1547 -in
377 1484 494 1566 quibus
518 1506 558 1549 ex
580 1505 638 1550 sua
661 1487 800 1569 scriptor
820 1508 960 1569 persona
976 1488 1173 1571 disputabat,
1196 1484 1292 1566 idque
1307 1499 1342 1542 eo
1453 1477 1454 1484 '

320 1589 439 1671 magis,
473 1608 537 1671 quo
559 1592 712 1673 maj0rem
732 1591 768 1654 in
799 1590 1030 1656 distribuendis
1052 1589 1238 1656 Aristotelis
1269 1583 1343 1650 scri·
1453 1661 1454 1664 Ἴ

320 1693 386 1775 ptis
409 1697 532 1759 veteres
554 1693 748 1778 interpretes
771 1715 901 1778 operam
923 1702 956 1762 et
973 1696 1115 1762 laborem
1134 1689 1343 1759 consmnsisse

320 1797 524 1879 perspicuum
546 1803 606 1864 est.

386 1900 532 1966 Eundem
560 1901 627 1966 fere
659 1902 754 1988 hujus
787 1905 836 1968 rei
865 1904 1055 1970 tractandae
1084 1900 1215 1966 modum
1250 1897 1344 1962 etiam

320 2004 364 2070 M.
386 2005 430 2070 M.
453 2027 514 2071 oon
539 2009 805 2094 coamantes-1⁸4)
828 2015 932 2090 tenet,
963 2011 1020 2092 qui
1048 2006 1156 2072 nescio
1186 1997 1343 2087 quomodo

320 2109 362 2174 de
382 2109 525 2194 parvulis
547 2109 702 2196 nihilique
723 2116 877 2179 momenti
903 2113 1000 2178 rebus
1018 2113 1105 2195 agit,
1128 2112 1269 2192 maj0res
1291 2121 1342 2166 ne·

320 2213 413 2297 gligit
435 2219 491 2278 aut
516 2234 647 2279 cernere
677 2237 742 2281 non
763 2217 841 2281 vult.
897 2216 981 2282 Nam
1002 2217 1050 2280 ita
1076 2213 1191 2278 leviter
1214 2211 1254 2276 de
1275 2203 1343 2272 Ari·

321 2318 449 2386 stotelio
471 2341 560 2384 mora
584 2322 731 2404 exponit,
763 2327 863 2386 utne
895 2320 1111 2386 differentiam
1140 2317 1270 2401 quidem
1299 2307 1343 2373 ul·

320 2424 399 2506 lam,
422 2445 505 2507 quae
526 2430 636 2490 tamen
657 2427 797 2490 maxima
818 2432 884 2506 est,
915 2426 1001 2490 inter
1023 2425 1103 2490 duos
1123 2421 1196 2486 illos
1222 2418 1344 2484 Cicero-

321 2529 372 2592 nis
393 2527 481 2594 locos
491 2529 568 2612 1³⁵),
592 2529 632 2594 de
654 2529 772 2612 quibus
793 2531 917 2613 agitur,
947 2529 1120 2594 admodum
1141 2528 1281 2592 sensisse
1301 2519 1344 2585 vi·

322 2632 426 2697 detur.
471 2633 514 2698 Et
536 2635 622 2718 quod
646 2635 764 2716 sciam,
788 2635 828 2700 de
850 2635 911 2700 hac
932 2657 967 2700 re
989 2633 1070 2699 nihil
1092 2635 1186 2713 dicit,
1212 2638 1245 2699 et
1267 2643 1344 2713 quas

321 2757 392 2819 res,
414 2739 468 2821 qui
489 2739 659 2804 mediocris
681 2740 801 2824 ingenii
823 2747 890 2821 est,
921 2741 1106 2822 discrepare
1128 2739 1215 2801 inter
1236 2755 1271 2800 se
1293 2749 1345 2794 ne·

321 2863 397 2926 garo
410 2864 475 2908 non
496 2849 622 2927 potest,
645 2842 700 2909 ille
724 2851 848 2909 mutata
869 2843 1048 2927 paullulum
1070 2842 1287 2916 distinctione,
1309 2834 1345 2896 ut

321 2967 432 3012 earum
454 2947 540 3011 inter
561 2967 597 3012 se
619 2949 786 3012 consensio
809 2948 861 3028 sit,
885 2947 1026 3012 effecisse
1044 2967 1078 3012 se
1100 2950 1206 3027 putat.
1252 2935 1345 3006 Ponit

226 3109 236 3126 ‚
322 3051 406 3116 enim
435 3071 558 3116 comma
587 3053 622 3116 in
648 3051 705 3116 illa
736 3052 778 3116 ad
800 3051 945 3116 Atticum
967 3049 1116 3136 Epistola
1146 3054 1221 3132 post
1250 3041 1346 3111 verba

316 3153 635 3237 Ἆριστοτέλειον
674 3177 788 3219 morem
823 3157 952 3234 tabent,
992 3177 1052 3240 pro
1092 3156 1222 3238 vulgato
1257 3152 1345 3232 signo

320 3261 410 3323 cclcc
432 3277 489 3322 sen
511 3261 678 3322 semicolon
700 3266 732 3324 et
754 3261 875 3343 pergit:
907 3259 1008 3324 »illud
1039 3262 1139 3345 igitur
1160 3272 1263 3324 autem
1284 3269 1346 3318 n011

320 3360 419 3428 habet
440 3361 504 3426 vim
525 3364 755 3446 oppositiouiS‚
778 3370 816 3428 ut
837 3365 1030 3447 interpretes
1053 3370 1271 3441 monuerunt,¹
1288 3353 1344 3422 sed

320 3465 382 3530 rite
403 3467 587 3548 appositum
608 3468 736 3533 videtur
757 3467 799 3532 ad
829 3469 1064 3551 praestantiam
1092 3468 1226 3532 alterius
1248 3457 1345 3528 moris

320 3570 422 3653 magis
443 3571 657 3637 extollendam
669 3572 740 3658 186).
785 3573 822 3638 In
845 3593 908 3657 quo
937 3571 1030 3638 valde
1056 3574 1135 3639 mihi
1164 3575 1212 3638 vir
1233 3570 1344 3636 doctus

318 3673 387 3740 labi
415 3673 569 3756 ridetur3¹
593 3677 658 3741 sive
680 3678 764 3742 enim
790 3697 915 3742 comma
944 3679 1088 3761 posueris
1125 3678 1190 3743 sive
1218 3695 1279 3760 pro
1308 3685 1344 3731 00

393 3925 458 3994 184)
477 3928 515 3978 De
535 3929 681 3980 Aristotelio
698 3929 722 3979 υἱ
740 3927 769 3978 in
786 3927 916 3978 Ciceronis
928 3927 1038 3994 scriptis.
1063 3925 1172 3990 Trqp'ecti
1186 3926 1223 3976 nd
1233 3921 1346 3974 camum

321 4012 398 4064 1841.
416 4032 440 4082 p.
461 4016 495 4066 80
514 4034 566 4082 sqq.
696 4015 761 4084 185)
779 4017 823 4066 Ar
840 4016 914 4068 Fam.
933 4017 957 4077 1,
984 4017 1014 4079 9,
1037 4015 1072 4068 23
1091 4018 1170 4068 etad
1188 4017 1264 4067 Attic-
1286 4003 1343 4059 xtn,

321 4101 368 4164 ¹9»
387 4105 412 4156 ⁴·
543 4105 606 4174 186)
624 4107 649 4158 L.
668 4122 688 4157 c
705 4120 730 4170 p.
748 4105 782 4155 99
800 4113 879 4154 annot.
916 4105 1026 4157 Orelliur
1047 4107 1071 4157 in
1089 4105 1128 4158 ed.
1151 4121 1199 4157 sec.
1219 4093 1344 4154 semicolon

318 4189 394 4243 hehet.
