2870 5076
520 403 727 470 ..21-

63 575 199 666 qualitate
221 597 352 664 prorsus
376 573 562 642 destitutum
585 583 643 656 est,
667 595 773 661 neque
791 573 878 640 cerni
900 582 1007 662 potest
1029 573 1089 640 nisi
1112 573 1200 662 quod

62 687 152 775 aliqua
172 686 278 752 torma
299 695 331 752 et
353 685 507 774 qualitate
536 695 584 750 est
611 685 801 774 praeditum.
845 684 921 750 Non
944 684 1027 750 enim
1049 692 1199 772 putamus

6 843 7 848 ι
62 818 237 886 quemquem
254 796 414 861 sucturum
431 817 501 860 esse
518 819 591 862 cum
608 795 832 878 Stallhaumio,
856 795 909 884 qui
931 795 1096 862 materiam
1112 793 1199 884 apud

6 957 7 968 ,
62 907 210 974 Platonem
232 905 380 994 opinatur
403 905 484 971 adeo
500 916 630 972 tenuem
647 929 717 971 esse
733 906 956 996 subtilemque,
980 913 1015 971 ut
1033 905 1197 971 oculorum

6 1023 7 1050 ¹
61 1017 231 1106 adspectum
253 1039 385 1104 prorsus
406 1015 509 1102 fngiat
531 1037 592 1080 uec
614 1017 715 1105 possit
734 1017 909 1083 ullomodo
927 1016 1069 1082 cerniac
1086 1014 1198 1081 diiudi-

62 1127 155 1212 cari¹).
198 1125 266 1194 Sed
288 1126 350 1194 iam
365 1135 565 1193 revertamur
580 1127 620 1193 ad
637 1127 846 1194 Aristotelem
868 1136 965 1214 atque
987 1127 1197 1215 inquiramus,

62 1261 129 1327 quse
149 1237 177 1304 ei
199 1235 281 1304 ratio
303 1236 387 1302 inter
408 1237 544 1302 formam
567 1247 600 1304 et
620 1240 787 1304 materiam
816 1237 1016 1334 intercedere
1039 1237 1198 1303 videatur.

62 1347 187 1436 Exponit
208 1355 314 1413 autem
338 1367 411 1414 eam
433 1347 532 1434 Phys.
555 1348 583 1432 I,
606 1350 636 1414 9.
661 1349 925 1435 192a16seqq,
949 1345 1004 1412 ubi
1029 1347 1131 1438 „Cum
1156 1347 1199 1412 di-

62 1459 152 1525 vinum
174 1457 252 1546 quid
273 1457 344 1537 sit‚“
370 1457 424 1540 ait,
449 1469 503 1540 „et
525 1457 645 1524 bonum
662 1469 760 1546 atque
775 1458 992 1546 appetendum
1008 1457 1122 1544 (intell.
1139 1458 1199 1522 for·

62 1570 154 1657 nem),
180 1589 279 1634 unum
308 1567 491 1656 oppositum
518 1567 547 1633 ei
572 1589 641 1634 esse
665 1567 800 1634 dicimus
824 1569 937 1652 (intell.
961 1567 1199 1654 privationem),

62 1679 178 1746 alterum
199 1687 307 1744 autem
330 1679 415 1766 quod
438 1701 496 1766 per
519 1687 668 1744 naturam
691 1701 782 1744 suam
805 1679 884 1743 illud
908 1677 1022 1764 (intell.
1046 1677 1198 1766 formam)

62 1797 173 1876 appetet
184 1799 217 1856 et
227 1787 357 1854 studeat
368 1787 507 1876 assequi.
540 1787 661 1854 Contra
673 1788 734 1854 illis
747 1789 861 1875 (intell.
876 1789 1017 1854 maxime
1028 1787 1198 1853 Platonem

62 1899 147 1987 etqui
166 1923 238 1966 eum
256 1897 447 1987 sequuntur)
467 1897 594 1982 accidit,
617 1908 653 1964 ut
669 1899 701 1965 id
719 1899 806 1986 quod
827 1900 1008 1987 oppositum
1034 1906 1083 1961 est
1104 1921 1197 1962 suum

61 2007 142 2096 ipsius
168 2009 331 2076 interitum
359 2017 503 2097 appetat.
547 2010 700 2076 Attamen
729 2032 836 2096 neque
870 2008 941 2098 ipsa
974 2030 1008 2072 se
1043 2017 1199 2096 appetere

61 2129 148 2204 potest
168 2121 287 2202 forms,
321 2142 392 2184 cum
415 2119 514 2186 nihilo
538 2131 663 2202 careat,
685 2141 792 2207 neque
815 2118 847 2184 id
868 2119 953 2208 quod
977 2119 1006 2186 ei
1029 2127 1078 2183 est
1101 2141 1199 2206 oppo-

6 2219 7 2276 ι
60 2229 137 2296 situm
158 2230 240 2318 (scil.
264 2230 400 2296 formam
424 2240 580 2318 appetere
603 2229 733 2318 potest).
779 2231 865 2296 Nam
880 2239 1092 2317 corrumpunt
1114 2231 1197 2296 inter

6 3509 8 3554 l

60 2361 86 2404 se
104 2363 179 2429 quse
202 2351 277 2408 sunt
299 2340 469 2406 contraria.
514 2341 692 2428 (Quocirca
714 2341 862 2429 privatio,
886 2340 913 2404 si
942 2342 1079 2406 formam
1103 2362 1199 2429 appe·

60 2461 140 2534 teret,
167 2451 207 2518 ad
237 2474 328 2518 suurn
361 2450 460 2539 ipsius
488 2451 652 2518 interitum
673 2451 846 2538 tenderet).
892 2450 958 2518 Sed
981 2452 1042 2518 hoc
1066 2460 1115 2516 est
1136 2473 1200 2516 ma-

60 2562 126 2626 teria
144 2561 257 2649 (intell.
274 2562 306 2628 id
323 2563 410 2650 quod
432 2564 556 2650 appetit
578 2562 737 2648 formam),
761 2561 908 2626 veluti
884 2586 911 2626 ss
933 2563 1055 2628 femina
1077 2583 1199 2626 marem

60 2674 163 2758 appetit
195 2683 229 2740 et
256 2683 350 2759 turpe
383 2673 561 2760 pulchrum.
610 2674 671 2737 192
686 2697 705 2738 a
720 2673 780 2738 22:
816 2668 903 2738 ἀλλὰ
936 2669 1028 2740 τοῦτ’
1059 2668 1149 2740 ἔστιν
1178 2645 1198 2758 ἦ

60 2775 168 2870 itq,“
140 2807 254 2873 ωσπερ
269 2810 309 2850 αν
332 2807 362 2852 ιι
352 2778 514 2872 ’θῆλυ”
490 2807 627 2872 αρρενος
648 2783 705 2850 καὶ
727 2778 862 2871 αἰσχρὸν
877 2784 981 2850 καλοῦ
989 2783 1046 2870 ².“)

126 2895 230 2978 Quem
251 2897 359 2964 locum
381 2894 422 2960 ad
446 2895 582 2962 verbum
598 2894 625 2960 si
640 2893 869 2980 intellegimus,
894 2918 1032 2982 magnae
1055 2895 1201 2961 oriuntur

59 3003 246 3075 difficultates
269 3017 384 3096 etque,
415 3027 456 3070 ne
485 3014 555 3072 tota
582 3005 665 3070 ratio
690 3003 886 3072 Aristotelea
909 3006 1040 3071 vacillet
1062 3013 1095 3070 et
1117 3005 1202 3070 clau·

119 3231 134 3294 ¹)
151 3231 299 3284 Parmenid
318 3231 440 3299 Prolegg.
459 3231 559 3292 libsj.
579 3236 643 3282 sect.
663 3231 684 3281 1.
704 3232 805 3297 p.135.

119 3319 242 3386 ¹)Aliam
260 3321 417 3370 sententiam
435 3319 494 3371 loeo
514 3319 546 3371 de
565 3335 618 3386 qno
631 3319 736 3386 agimus
750 3319 884 3370 Prantliue
904 3319 1016 3370 subicit:
1039 3316 1126 3381 ,Aber
1138 3316 1204 3368 eben

57 3401 101 3455 dies
122 3407 180 3458 ist
169 3423 198 3472 ιι
220 3405 316 3473 gerade
338 3406 385 3458 das
403 3407 500 3458 Wesen
523 3407 568 3458 des
587 3407 697 3470 Stoffes,
723 3413 791 3456 etwa
814 3407 864 3456 wie
888 3423 964 3458 vena
988 3406 1036 3458 das
1054 3403 1205 3455 Weihliche

57 3489 113 3544 tur
132 3495 176 3547 des
193 3492 364 3544 htttnnlichen
389 3493 443 3544 und
469 3495 515 3546 das
535 3493 679 3546 Httssliche
698 3493 769 3544 storf
788 3493 833 3544 des
853 3494 975 3546 Schhnen
996 3495 1091 3546 utre!
1131 3494 1205 3556 Quae

55 3585 169 3634 tantautis
191 3589 246 3634 ιιιιι
267 3584 335 3634 mire
359 3597 417 3634 esse
439 3582 517 3634 nobis
540 3581 655 3646 videtur,
687 3587 718 3634 ut
745 3583 793 3632 vix
820 3581 963 3636 audeamus
992 3583 1123 3651 imputare
1148 3597 1205 3634 eam

57 3667 186 3722 Aristoteli.
216 3667 327 3722 Accedit
339 3669 409 3736 quod
428 3677 484 3722 tots
501 3687 554 3738 qus
566 3669 612 3720 hic
624 3669 783 3734 philosopus
801 3672 886 3722 utitur
899 3672 1093 3738 argumentatio
1111 3673 1207 3722 nititur

56 3759 179 3824 *plectendi
202 3758 323 3820 notione,
347 3755 493 3822 quodiam
514 3755 669 3812 Chalcidicas
688 3757 830 3812 intellexit.
867 3759 908 3810 Cf.
927 3759 1062 3811 Chalcidii
1080 3757 1206 3806 Timaeus

55 3841 201 3899 tePlstonis
214 3845 359 3898 numurus
377 3843 416 3896 ed.
429 3845 525 3900 Hense.
546 3864 570 3913 p.
581 3847 646 3896 386:
668 3847 750 3909 ,Tres
769 3845 803 3896 ab
822 3863 852 3898 eo
871 3851 989 3915 origines
1008 3847 1150 3897 universae
1169 3841 1206 3892 rei

57 3927 226 3998 trumentum:
245 3933 357 4000 species,
376 3933 462 4000 sylva,
476 3935 601 3986 carentia.
631 3933 753 3999 Speciem
765 3933 864 3998 laudat,
884 3943 914 3988 ut
927 3937 1024 3988 summi
1037 3931 1080 3983 dei
1094 3929 1207 3980 similem

57 4013 221 4088 divinitatem,
244 4022 322 4090 pleno
341 4023 505 4089 perlectoque
524 4023 615 4074 nixam
634 4020 705 4075 bono
730 4021 842 4088 ideoque
861 4021 1040 4090 appetibilem.
1078 4017 1151 4079 Quid
1168 4023 1208 4067 est

56 4109 199 4176 1ν’ῐςιηιιοιὶ
218 4111 337 4179 appetit?
354 4111 444 4177 Neque
463 4113 577 4178 ipsese,
595 4109 693 4174 iuquit,
713 4111 778 4174 quie
797 4110 864 4160 nihil
884 4113 908 4161 ei
922 4110 995 4160 deest
1014 4108 1046 4159 ad
1065 4106 1207 4170 perfectam

57 4197 235 4250 memnonem
259 4207 284 4252 et
307 4207 349 4252 est
370 4201 491 4266 proprius
519 4197 700 4264 indigentium
725 4201 868 4263 appetitus.
905 4199 959 4248 Nee
991 4211 1054 4246 vero
1079 4191 1209 4256 cerentia3

58 4279 175 4338 interitum
200 4287 269 4338 euim
292 4303 369 4340 snum
393 4293 507 4354 cuperet.
544 4286 650 4352 Quippe
675 4301 785 4338 accessu
811 4287 909 4352 speciei
932 4285 1087 4348 formaeque
1107 4281 1210 4334 tollitur

58 4365 188 4436 indigentis
205 4389 254 4426 neo
271 4376 298 4426 in
318 4375 411 4426 habitu
430 4375 534 4442 proprio
554 4381 713 4442 perseverat.
752 4373 877 4442 Superest
902 4387 978 4440 ergo,
1006 4379 1036 4422 nt
1055 4367 1136 4432 sylva
1154 4363 1210 4418 eul-

58 4461 104 4508 ἴω
119 4469 287 4532 omsmmqne
304 4462 458 4516 desideret·
