2966 5072
799 458 838 520 72

309 620 370 685 bus
391 622 496 705 possit
518 622 604 688 varie
633 624 824 709 copioseque
851 624 956 691 dicere
974 624 1043 710 164).
1065 661 1109 672 -
1152 622 1235 688 Nam
1255 619 1330 686 illos

309 730 435 791 veteres
472 725 621 792 doctores
660 733 874 813 auctoresque
910 727 1036 794 dicendi
1073 726 1195 793 nullum
1229 747 1346 811 genus.

309 827 536 912 disputationis
559 851 578 896 a
601 851 635 897 se
656 830 796 896 alienum
817 837 949 916 putasse
980 831 1159 915 accepimus
1189 850 1328 913 semper-

309 953 370 1017 que
404 954 474 999 esse
502 935 536 1001 in
566 935 652 1001 omni
690 934 845 1000 orationis
873 935 1001 1000 ratione
1036 939 1181 1001 versatos
1192 934 1261 1020 165).
1284 973 1328 983 —

309 1035 416 1114 Quare
437 1059 502 1103 non
524 1044 573 1104 est
594 1060 769 1124 paucorum
790 1039 971 1106 libellorum
991 1040 1052 1106 hoc
1074 1061 1203 1122 munus,
1234 1046 1271 1104 ut
1293 1041 1326 1120 ii,

308 1143 364 1227 qui
382 1143 581 1226 scripserunt
596 1144 777 1211 dedicandi
791 1145 927 1227 ratione,
949 1145 1102 1210 arbitrati
1116 1150 1199 1225 sunt,
1222 1164 1327 1227 neque

307 1246 479 1314 Tusculani
512 1254 610 1334 atque
651 1249 746 1336 hujus
786 1250 1013 1316 ambulationis
1055 1249 1327 1315 antemeridianae

307 1357 364 1416 aut
385 1357 515 1418 nostrae
538 1353 778 1436 pomeridianae
801 1354 962 1419 sessionis.
1013 1353 1087 1419 Non
1115 1355 1199 1419 enim
1221 1353 1325 1419 solum

306 1457 451 1523 acuenda
471 1455 564 1523 nobis
585 1478 689 1541 neque
709 1458 915 1543 procudenda
936 1457 1048 1542 lingua
1070 1463 1132 1540 est,
1165 1457 1221 1523 sed
1250 1478 1325 1522 one-

304 1560 442 1626 randum
463 1559 748 1646 complendumque
776 1568 888 1645 pectus
914 1563 1126 1626 maximarum
1154 1581 1261 1626 rerum
1292 1565 1325 1626 et

304 1664 516 1748 plurimarum
544 1666 721 1746 suavitate,
756 1666 863 1751 copia,
893 1666 1051 1731 varietate
1063 1663 1133 1749 ¹⁶⁶).
1156 1703 1200 1713 —
1250 1664 1325 1730 Jam

305 1770 402 1834 etiam
434 1768 637 1835 adversarios
668 1767 777 1834 Crassi
810 1768 1035 1852 oratoriaeque
1072 1768 1154 1832 artis
1189 1771 1258 1832 tam
1289 1767 1325 1832 in

304 1873 494 1938 immensum
515 1872 698 1938 dilatandae
722 1873 956 1938 obtrectatores
979 1871 1163 1952 audiamus,
1188 1892 1324 1954 quorum

305 1997 344 2043 ex
365 1998 421 2043 ore
444 1977 663 2060 cognoscimus
686 1976 779 2042 istius
793 1977 946 2060 temporis
964 1976 1145 2061 vulgarium
1157 1981 1324 2042 oratorum

304 2079 345 2146 de
368 2086 439 2146 arte
461 2080 604 2146 oratoris
626 2081 811 2162 sententias,
835 2101 915 2165 quas
939 2080 1152 2147 defendendas
1164 2080 1324 2145 Antonius

304 2185 455 2268 suscepit,
478 2185 535 2267 qui
554 2184 640 2249 inter
661 2183 723 2250 alia
745 2184 786 2250 de
808 2191 937 2251 oratore
959 2184 1054 2250 haec:
1078 2184 1247 2250 Oratorem
1268 2205 1324 2248 au-

302 2293 386 2368 tem,
418 2288 570 2371 quoniam
591 2287 631 2353 de
660 2308 698 2353 eo
728 2289 928 2373 quaerimus,
967 2290 1115 2373 equidem
1147 2311 1211 2354 non
1241 2287 1324 2355 facio

303 2393 452 2474 eundem,
488 2413 582 2477 quem
613 2391 768 2476 Crassus,
803 2395 859 2479 qui
894 2394 971 2460 mihi
1001 2395 1087 2460 visus
1117 2399 1166 2460 est
1198 2415 1324 2460 omnem

304 2497 444 2563 omnium
465 2518 574 2562 rerum
596 2502 693 2582 atque
714 2498 831 2564 artium
862 2498 1028 2563 scientiam
1056 2497 1324 2582 comprehendere

303 2611 366 2670 uno
390 2601 528 2669 oratoris
552 2601 655 2668 officio
678 2623 716 2670 ac
745 2603 888 2686 nomine,
914 2609 1013 2688 atque
1035 2623 1107 2668 eum
1129 2608 1208 2686 puto
1241 2623 1323 2686 esse,

302 2707 359 2792 qui
379 2707 486 2774 verbis
508 2707 551 2773 ad
573 2707 767 2774 audiendum
785 2710 934 2796 jucundis
957 2713 990 2774 et
1012 2707 1233 2774 sententiisad
1247 2729 1323 2791 pro·

301 2811 443 2880 bandum
465 2813 712 2879 accommodatis
742 2813 792 2880 uti
820 2815 925 2897 possit
950 2813 984 2877 in
1010 2811 1115 2877 causis
1141 2810 1323 2878 forensibus

301 2922 399 3003 atque
421 2916 651 2983 communibus.
695 2916 788 2984 Hunc
810 2939 869 3002 ego
892 2915 1018 3000 appello
1044 2919 1205 2979 oratorem
1236 2933 1322 2978 eum-

303 3042 365 3106 que
386 3041 455 3087 esse
476 3025 646 3103 praeterea
667 3020 859 3088 instructum
891 3040 967 3086 voce
997 3024 1029 3084 et
1056 3016 1182 3082 actione
1214 3021 1247 3080 et
1276 3016 1322 3082 le-

300 3147 380 3212 pore
416 3125 557 3209 quodam
594 3122 666 3191 volo
676 3123 746 3210 16⁷).
813 3124 977 3190 Cernimus
1012 3119 1163 3185 Crassum
1200 3123 1324 3188 oratori

302 3230 383 3298 velle
417 3229 512 3297 detur
543 3229 732 3295 immensum
764 3228 926 3313 quoddam
955 3225 1093 3307 spatium
1124 3229 1157 3290 et
1191 3244 1323 3309 campus

303 3335 490 3416 latissimus,
512 3333 547 3398 in
569 3352 633 3415 quo
655 3333 823 3400 elaborare
838 3329 965 3408 debeat,
989 3331 1026 3392 ut
1038 3347 1228 3410 quocunque
1241 3349 1323 3412 opus

303 3439 355 3520 sit,
377 3459 450 3504 cum
471 3436 628 3503 varietate
649 3442 681 3502 et
704 3437 796 3520 copia
818 3434 988 3500 traducere
1011 3430 1191 3496 orationem
1206 3434 1319 3515 possit.

301 3544 339 3609 In
360 3562 423 3628 quo
445 3540 666 3625 persequendo
688 3541 736 3606 ita
758 3544 809 3605 est
829 3537 898 3622 ipse
919 3534 1081 3620 copiosus,
1104 3539 1142 3600 ut
1168 3556 1322 3602 nonnum-

375 3709 441 3778 164)
457 3712 490 3762 De
511 3712 614 3765 Crator.
633 3713 651 3772 l,
671 3710 713 3774 13,
732 3710 775 3761 59.
888 3705 951 3775 165)
968 3707 1032 3758 lota.
1050 3707 1088 3767 ΙΙΙ,
1108 3705 1157 3768 32,
1176 3705 1241 3768 126,
1260 3707 1322 3770 quod

301 3817 439 3867 quamquam
464 3803 518 3852 duit
542 3802 648 3863 Catulus,
675 3809 751 3851 tamen
777 3799 841 3850 facile
868 3814 894 3849 ex
923 3798 1037 3849 sententia
1061 3797 1137 3847 Crassi
1161 3797 1247 3847 dictum
1272 3812 1324 3846 esse

301 3893 427 3954 agnoveris.
538 3890 603 3958 166)
621 3890 685 3942 lota.
705 3891 745 3950 ΙΙΙ,
765 3889 808 3950 36,
824 3889 888 3939 121:
908 3891 936 3940 ol.
956 3889 1010 3939 ibid.
1031 3888 1070 3947 ΙΙΙ,
1090 3885 1132 3947 33,
1153 3885 1204 3938 132
1224 3895 1324 3950 atquae

301 3988 433 4045 sequuntur.
561 3978 626 4047 161)
642 3979 705 4030 nid.
726 3981 750 4038 l,
770 3978 813 4038 49,
832 3977 897 4028 213:
918 3981 946 4028 cl.
965 3978 1020 4028 ibid.
1039 3993 1098 4041 quae
1117 3985 1257 4041 sequuntur,
1276 3983 1324 4027 tota

301 4071 362 4121 enim
380 4070 470 4120 Antonii
488 4069 561 4119 oratio
578 4069 602 4118 in
622 4084 649 4119 ao
669 4076 780 4128 versetur,
799 4075 826 4117 ut
844 4067 996 4133 eloquentiam
1015 4083 1028 4116 a
1047 4066 1129 4116 colens
1147 4066 1232 4116 artibus
1245 4081 1323 4128 sapo-

300 4171 337 4227 get
356 4161 420 4212 etin
440 4162 538 4225 quodam
558 4159 641 4221 ingenii
660 4165 681 4208 st
700 4157 866 4208 exercitationis
885 4171 969 4220 genere
990 4163 1066 4219 ponat.
