2966 5072
791 428 832 488 74

318 587 359 654 de
378 590 468 654 omni
488 591 617 656 virtutis
631 612 746 675 genere
758 593 801 657 sit
817 591 995 674 dicendum,
1019 592 1213 673 clamabunt,
1236 590 1342 670 credo,

319 694 427 758 omnia
458 696 624 778 gymnasia
654 701 751 780 atque
782 717 891 762 omnes
921 695 1183 781 philosophorum
1213 692 1342 760 scholae

318 817 378 862 sua
399 797 479 863 haec
501 819 571 863 esse
594 800 701 864 omnia
722 800 865 882 propria,
888 798 968 863 nihil
985 800 1113 865 omnino
1125 799 1168 864 ad
1179 803 1343 864 oratorem

318 902 490 983 pertinere.
537 901 658 980 Quibus
687 924 765 986 egc,
802 908 839 968 ut
873 902 914 967 de
947 903 996 970 his
1027 903 1124 968 rebus
1151 903 1186 967 in
1216 901 1342 986 angulis

320 1005 527 1072 consumendi
549 1008 607 1072 otii
630 1027 727 1072 causa
749 1006 925 1088 disserant,
950 1019 1047 1091 quum
1070 1027 1274 1087 concessero,
1305 1005 1344 1070 il-

319 1109 378 1200 lud
405 1115 513 1175 tamen
544 1113 667 1178 oratori
700 1111 842 1178 tribuam
873 1117 905 1176 et
935 1111 1038 1192 dabo,
1072 1115 1109 1175 ut
1139 1109 1269 1190 eadem,
1304 1109 1343 1174 de

320 1213 437 1297 quibus
459 1214 508 1279 illi
530 1216 620 1280 tenui
642 1216 781 1299 quodam
812 1217 1030 1300 exsanguique
1059 1236 1205 1282 sermone
1235 1214 1343 1297 dispu-

320 1321 409 1398 tant,
440 1317 492 1382 hic
515 1339 587 1384 oum
610 1321 696 1384 omni
718 1320 875 1404 gravitate
899 1324 931 1383 et
950 1317 1152 1403 jucunditate
1175 1317 1322 1400 explicet.

388 1421 481 1500 Quod
511 1423 553 1488 ad
582 1429 722 1490 ceteram
756 1424 918 1489 Ciceronis
950 1421 1108 1488 librorum
1141 1423 1181 1488 de
1205 1421 1344 1488 Oratore

322 1525 562 1592 similitudinem
584 1549 656 1592 cum
669 1527 854 1593 Aristotelis
873 1525 1042 1597 rhetoricis
1058 1525 1185 1606 attinet,
1208 1524 1345 1592 fortasse

322 1628 444 1694 nullam
464 1621 678 1715 investigaris.
729 1629 948 1696 Diversissimi
977 1650 1109 1712 prorsus
1144 1632 1220 1694 sunt
1246 1649 1346 1711 quum

322 1738 440 1798 natura
462 1739 495 1799 et
516 1735 634 1815 indole,
657 1741 727 1799 tum
748 1734 849 1800 multo
873 1734 971 1800 etiam
992 1733 1095 1818 magis
1117 1732 1244 1798 ratione
1267 1731 1345 1798 scri-
1448 1771 1449 1776 κ

322 1837 420 1904 bendi
442 1844 475 1904 et
495 1844 568 1906 tcta
582 1838 680 1925 hujus
703 1840 857 1906 materiae
878 1838 1131 1922 pertractatione
1153 1842 1187 1904 et
1209 1836 1346 1921 explica·

322 1942 419 2007 tione.
464 1942 648 2008 Aristotelis
672 1964 830 2008 summum
852 1948 901 2008 est
922 1941 1043 2025 ingenii
1064 1961 1212 2024 acumen,
1244 1940 1345 2006 subti-

323 2046 407 2126 litas,
432 2046 606 2130 diligentia,
631 2048 746 2131 quibus
762 2047 885 2112 accedit
908 2047 1035 2112 siccitas
1045 2046 1203 2129 quaedam
1219 2045 1346 2112 dicendi

325 2156 358 2216 et
387 2153 545 2232 tenuitas,
579 2152 666 2218 nuda
693 2155 762 2238 ejus
793 2151 898 2217 oratio
929 2156 998 2234 est,
1039 2157 1129 2218 recta
1162 2156 1195 2216 et
1223 2168 1345 2233 pressa,

326 2256 434 2320 »omni
457 2261 573 2320 ornatu
594 2259 760 2338 tamquam
781 2260 869 2321 veste
888 2254 1066 2321 detracto«.
1113 2253 1193 2320 Cum
1216 2251 1346 2320 distinc-

324 2358 412 2425 tione
434 2365 467 2425 et
487 2359 684 2443 parsimonia
705 2359 843 2444 quadam
866 2380 946 2442 opus
969 2380 1062 2423 suum
1072 2363 1238 2442 tamquam
1260 2355 1347 2422 aedi-

325 2462 432 2530 ficium
455 2464 608 2544 exstruit,
639 2464 673 2528 in
696 2485 759 2548 quo
782 2485 840 2530 suo
863 2483 1009 2547 quaeque
1036 2483 1090 2527 res
1117 2461 1187 2530 loco
1215 2460 1348 2528 colloco·

326 2571 381 2632 tur
409 2567 474 2650 ita,
513 2574 551 2634 ut
578 2568 681 2652 magis
712 2566 921 2636 commoditas
948 2572 981 2632 et
1008 2565 1144 2632 interior
1172 2563 1220 2632 rei
1248 2564 1350 2648 ipsius

326 2670 432 2754 figura
465 2677 498 2738 et
526 2672 673 2754 habitus,
708 2693 805 2757 quam
835 2679 987 2738 externae
1018 2669 1094 2736 illae
1128 2669 1350 2735 distinctiones

328 2779 509 2864 ornamenti
530 2798 628 2844 causa
650 2777 816 2844 adhibitae
838 2777 1068 2860 respiciantur;
1089 2772 1267 2857 perfeetum
1281 2771 1350 2856 phi-

328 2879 497 2966 losophum
520 2887 552 2948 et
575 2881 737 2949 subtiliter
764 2883 974 2948 disserentem
995 2876 1202 2944 Aristotelem
1230 2877 1265 2940 in
1286 2877 1351 2943 istc

328 3005 426 3068 opere
452 3007 683 3070 usquequaque
713 2984 891 3070 agnoveris.
937 2982 1025 3060 Quae
1051 3001 1104 3044 res
1132 2979 1226 3062 longe
1256 2978 1352 3045 aliter

329 3109 363 3154 se
385 3088 483 3156 habet
504 3091 591 3174 apud
607 3089 801 3156 Ciceronem.
848 3087 940 3166 Quod
963 3087 1046 3151 enim
1062 3083 1154 3168 quasi
1171 3083 1355 3150 aedificium

330 3212 370 3257 ex
390 3194 481 3260 varia
501 3194 638 3260 materia
659 3193 701 3258 ad
730 3193 765 3258 id
791 3188 1020 3257 exstruendum
1041 3186 1207 3252 commoda
1229 3187 1354 3252 Aristo-

330 3299 410 3365 teles
434 3300 585 3382 condidit,
610 3321 648 3366 eo
672 3321 746 3366 cum
766 3299 861 3364 sociis
887 3297 952 3362 suis
973 3294 1084 3360 Cicero
1107 3291 1170 3356 iter
1192 3291 1357 3375 quoddam

331 3408 368 3467 ut
390 3403 451 3469 hac
472 3405 611 3488 imagine
632 3412 717 3486 utar,
741 3401 971 3470 ambulationis
994 3400 1097 3464 instar
1121 3396 1264 3480 suscipit,
1288 3417 1353 3480 quo

331 3505 411 3572 illud
440 3506 481 3572 ab
508 3508 684 3587 Axistotele
712 3512 911 3573 exstructum
944 3503 1025 3568 artis
1056 3501 1218 3566 oratoriae
1246 3498 1356 3564 aedifi·

333 3613 417 3676 cium
439 3612 505 3676 suis
530 3611 711 3694 sodalibus,
734 3606 993 3692 discrepantibus
1017 3605 1101 3670 inter
1118 3624 1159 3668 'se
1183 3602 1352 3668 sententiis

332 3700 564 3799 iuspiciendum
596 3720 629 3780 et
657 3715 749 3799 quasi
782 3713 882 3779 oculis
912 3706 1167 3777 collustrandum
1196 3703 1356 3771 ostendat.

333 3819 377 3884 Ut
407 3824 516 3884 autem
542 3817 738 3884 Aristoteles
762 3816 824 3884 hoc
857 3836 950 3882 suum
980 3811 1160 3880 aedificium
1189 3815 1358 3893 tamquam

335 3922 529 3990 domicilium
550 3924 630 3989 artis
653 3921 814 3988 oratoriae
836 3939 874 3984 ac
897 3918 1022 3997 sedem,
1052 3915 1138 3982 unde
1160 3913 1267 3980 omnia
1290 3913 1358 3996 ejus

334 4035 508 4114 praecepta
529 4029 669 4114 petenda
690 4028 764 4107 sint,
788 4045 885 4108 quam
906 4022 1124 4089 firmissimum
1141 4021 1174 4083 et
1192 4014 1359 4084 latissimis

336 4133 612 4216 circumscriptum
634 4131 751 4196 finibus
775 4129 955 4209 exstruxit,
985 4127 1033 4192 ita
1057 4123 1169 4189 Cicero
1198 4121 1232 4186 id
1255 4120 1359 4202 ingre·
