2966 5072
815 459 855 520 66

317 618 452 703 dialogis
475 622 530 704 qui
547 641 699 706 umquam
714 624 827 708 scripti
844 617 929 706 sunt,
952 624 1126 691 tenendum
1137 625 1190 707 sit,
1212 644 1339 708 semper

316 730 479 806 auctores,
510 745 733 810 quamcunque
756 749 823 793 rem
846 749 905 812 per
937 729 1058 812 dialogi
1074 730 1340 814 disputationem

318 831 561 914 tractentetsi
576 831 682 896 nullae
706 834 861 898 sermonis
882 833 1027 916 ipsorum
1049 840 1125 900 sunt
1147 839 1268 918 partes,
1290 834 1340 899 ita

318 939 427 998 tomen·
447 933 622 1016 disputare,
644 940 681 1000 ut
703 935 763 1001 sub
778 937 887 1020 aliqua
908 937 1027 1022 dialogi
1044 959 1182 1022 persona
1194 938 1339 1021 ipsorum

320 1038 480 1104 sententia
500 1036 612 1104 lateat.
655 1038 754 1105 Recte
776 1046 885 1106 autem
907 1041 956 1106 vir
977 1042 1184 1107 doctissimus
1198 1039 1338 1106 Goeren-

320 1142 362 1206 nii
401 1143 599 1225 opinionem,
635 1143 843 1226 arbitrantis,
882 1166 922 1210 ex
956 1146 1117 1210 Ammonli
1156 1144 1340 1224 traditione,

321 1267 418 1330 quam
449 1246 576 1329 saepius
601 1248 669 1331 jam
698 1247 853 1314 diximus:
883 1248 1054 1329 διολογικὰ
1084 1249 1121 1313 δὲ
1152 1247 1213 1312 ὅσα
1240 1247 1283 1332 μὴ
1306 1247 1343 1324 ἐξ

322 1351 439 1414 οἰκείου
461 1348 638 1434 προσώπου
654 1354 853 1436 συνέγραφον
875 1351 972 1437 (Ἀρ.)
995 1351 1066 1417 ἀλλ’
1081 1351 1221 1437 ὥσπερό
1245 1348 1343 1414 Πλοί-

322 1476 385 1517 των
405 1453 657 1540 ὑποκρινόμενος
678 1455 794 1541 ἑτέρων
819 1456 1050 1543 ceccaum)
1084 1458 1182 1522 istam
1209 1453 1342 1522 difficul-

323 1565 425 1626 tatem
446 1559 526 1624 solvi
546 1579 656 1643 posse,
685 1559 781 1642 plane
809 1560 1014 1646 rejiciendam
1036 1572 1155 1626 censet.
1205 1558 1345 1624 Goeren-

324 1664 392 1728 zius
410 1664 494 1728 enim
516 1684 556 1728 ex
576 1663 701 1729 verbis:
724 1663 785 1727 ὅσα
805 1662 848 1749 μή
871 1664 907 1741 ἐξ
928 1665 1046 1728 οἰκείου
1068 1659 1244 1746 προσώπου
1268 1677 1346 1724 σου·

248 1807 251 1812 ·
325 1770 483 1852 έγραφεν,
513 1767 620 1852 colligi
648 1788 743 1851 posse
778 1768 893 1849 credit,
932 1766 1139 1832 Aristotelem
1174 1764 1345 1846 utriusque

327 1873 450 1955 generis
473 1872 618 1956 dialogos
644 1871 826 1955 scripsisse,
858 1870 995 1952 alteros,
1023 1871 1058 1935 in
1088 1866 1204 1952 quibus
1233 1865 1348 1950 κωφὸν

328 1981 396 2061 ejus
418 1974 594 2059 πρόσωπον
623 1981 725 2057 esset,
758 1975 890 2055 alteros,
923 1975 958 2039 in
987 1973 1103 2058 quibus
1136 1972 1206 2054 ipse
1236 1975 1351 2054 partes·

328 2081 484 2146 sermonis
506 2080 692 2162 susciperet.
737 2080 843 2147 Falso.
887 2080 971 2144 Nam
991 2078 1165 2144 virdootus
1181 2095 1246 2141 non
1267 2074 1348 2140 vidit

329 2185 435 2249 verbis
465 2182 634 2261 διαλογικά
665 2182 701 2245 δὲ
732 2184 888 2248 contineri
916 2183 1139 2267 praedicatum
1170 2182 1272 2247 totius
1300 2200 1349 2245 se·

329 2289 457 2372 quentis
491 2287 650 2351 enuntiati
677 2286 738 2365 ita,
779 2293 817 2352 ut
848 2287 965 2353 verba:
999 2286 1168 2366 διυλογικοὶ
1202 2285 1254 2362 δὲ,
1289 2284 1351 2349 hoc

331 2412 426 2457 sensu
448 2390 634 2474 accipienda
664 2390 741 2455 sint:
775 2388 944 2469 διαλογικοὶ
977 2389 1096 2454 δ’ἐστὶν
1118 2390 1181 2455 ὅσα
1206 2388 1251 2471 μὴ
1274 2387 1350 2466 na,

331 2495 489 2578 dialogico
510 2498 618 2559 autem
640 2501 715 2561 suut
737 2496 844 2561 omnia
865 2496 1004 2579 scripta,
1039 2517 1122 2580 quae
1143 2515 1209 2561 non
1230 2514 1270 2558 ex
1292 2513 1352 2558 sua

332 2618 471 2682 persona
492 2598 629 2680 scripsit.
1281 2665 1295 2690 1

397 2701 460 2767 Sed
481 2723 564 2787 pone
593 2723 662 2767 rem
689 2703 738 2768 ita
771 2726 857 2788 esse,
882 2711 926 2770 'ut
958 2703 1154 2770 Goerenzius
1182 2703 1276 2785 velit,
1310 2724 1351 2769 ne

332 2813 402 2872 tum
424 2807 554 2890 quidem
575 2807 677 2871 omnis
698 2808 847 2875 molestia
868 2809 1003 2892 depulsa
1030 2815 1089 2873 est.
1134 2809 1216 2874 Nam
1238 2809 1266 2872 si
1288 2807 1353 2874 duo

334 2911 432 2976 etiam
447 2909 631 2976 Aristotelis
655 2911 855 2997 dialogorum
878 2933 996 2998 genera
1011 2913 1192 2992 statuimus,
1215 2932 1356 2994 quorum

335 3035 374 3082 ea
397 3014 468 3080 sola
489 3015 531 3080 sit
554 3013 752 3097 differentia,
776 3017 867 3083 utin
889 3017 992 3083 altero
1015 3016 1205 3081 Aristoteles
1228 3036 1269 3079 ex
1290 3015 1356 3081 alis

296 3145 297 3148 ¹
334 3140 474 3204 persona
494 3119 614 3204 placita
635 3141 693 3185 sua
715 3129 748 3186 et
774 3123 947 3188 sententias
978 3125 1155 3204 proponat,
1187 3120 1223 3183 in
1252 3119 1357 3185 altero

335 3226 405 3309 ipse
427 3245 467 3291 ex
489 3245 548 3290 sua
568 3245 723 3308 persona,
748 3227 826 3310 quid
849 3227 911 3291 sibi
932 3224 1098 3302 videatur,
1130 3222 1290 3306 disputet,
1321 3229 1359 3288 ut

336 3328 441 3396 altera
462 3351 502 3396 ex
523 3335 617 3413 parte
640 3329 727 3395 haud
749 3351 825 3396 sane
848 3328 1047 3394 diffitendum
1078 3330 1142 3406 est,
1174 3347 1269 3410 posse
1299 3327 1357 3392 ali·

337 3454 403 3516 quo
425 3434 471 3499 sic
484 3433 587 3499 modo
609 3455 677 3500 rem
699 3435 842 3519 expediri
862 3471 906 3482 -
926 3438 996 3497 tum
1019 3431 1104 3496 enim
1122 3430 1199 3498 libri
1222 3431 1261 3498 de
1279 3429 1359 3497 Ora-

337 3543 408 3603 tore
425 3538 465 3603 ad
484 3538 518 3603 id
533 3537 732 3623 dialogorum
749 3559 857 3622 genus,
880 3539 988 3622 inquo
1007 3536 1067 3602 sub
1083 3538 1196 3604 alienis
1212 3539 1359 3621 personis

338 3644 439 3728 ipsius
462 3644 628 3727 scriptoris
650 3643 812 3708 sententia
840 3641 957 3720 lateat,
987 3640 1063 3706 libri
1090 3642 1130 3708 de
1152 3643 1287 3708 Finibus
1317 3643 1360 3708 ad

340 3749 385 3829 id,
405 3749 441 3813 in
463 3769 527 3831 quo
550 3747 663 3813 Cicero
684 3767 724 3810 ex
746 3766 805 3811 sua
826 3746 895 3828 ipsc
917 3767 1054 3829 persona
1075 3745 1246 3832 loquatur,
1277 3746 1359 3812 refe·

341 3852 432 3918 rendi
454 3858 544 3932 sunt,
566 3855 667 3914 -at
689 3849 759 3933 quis
781 3848 913 3913 tandem
936 3855 999 3931 est,
1024 3871 1161 3934 quaeso,
1193 3851 1271 3933 quin
1293 3871 1361 3916 cer-

341 3962 414 4036 nat,
444 3956 523 4024 haec
553 3955 617 4019 duo
639 3950 819 4020 Aristotelii
841 3954 940 4020 moris
962 3974 1093 4036 genero,
1125 3961 1283 4037 quatenus
1307 3974 1364 4039 ap·

419 4159 481 4228 152)
501 4163 524 4212 P.
543 4159 576 4210 48
597 4165 677 4208 annot.
699 4157 754 4208 127.
