2966 5072
785 487 823 547 14

293 655 363 718 vius
384 655 543 738 producat
564 663 598 722 et
618 666 849 744 persequatur,
884 659 988 745 qualis
1019 659 1164 744 dialogus
1196 663 1324 728 omniuo

295 778 400 824 sermo
422 759 486 824 dici
508 759 607 843 solet,
638 763 672 826 in
694 764 822 830 circulis
853 765 1008 844 maxime,
1040 765 1324 850 disputationibus,

199 938 205 950 ,
294 863 572 946 congressionibus
588 865 796 933 familiarium
810 889 955 949 versans,
980 889 1118 952 sequens
1134 871 1231 936 etiam
1250 892 1325 938 con-

295 967 378 1031 vivia
401 974 434 1033 et
456 974 567 1034 coetus
590 972 774 1038 amicorum.
827 971 999 1038 Habentur
1021 979 1130 1038 autem
1151 974 1186 1039 hi
1206 996 1325 1040 sermo·

293 1093 351 1137 nes
373 1072 560 1157 plerumque
589 1081 647 1140 aut
662 1076 716 1158 ,dc
739 1077 923 1142 domesticis
952 1078 1088 1161 negotiis
1119 1083 1176 1144 aut
1208 1078 1248 1144 dc
1275 1099 1325 1144 re

293 1176 422 1259 publica
453 1185 510 1244 aut
532 1179 572 1244 de
595 1181 713 1246 artimn
743 1181 858 1248 studiis
881 1187 980 1266 atque
1001 1182 1224 1267 doctrina²⁹)‚
1259 1203 1324 1248 cm-

179 1349 189 1377 s
293 1283 433 1366 uinoque
452 1283 492 1349 de
514 1285 554 1350 iis
577 1283 685 1366 rebus,
710 1305 791 1369 quas
815 1289 969 1370 cujusque
984 1286 1119 1351 interest
1142 1288 1324 1352 accuratius

293 1387 541 1473 diligentiusque
573 1389 770 1455 considerari
802 1395 835 1454 ct
867 1395 1056 1473 perspectas
1087 1411 1166 1455 esse.
1219 1390 1323 1476 Hujus

179 1567 184 1576 .
293 1493 419 1574 generis
442 1492 563 1577 dialogi
593 1493 697 1559 adhuc
720 1498 848 1558 exstant
871 1496 1083 1576 Xenophontis
1110 1495 1322 1578 potissimum,

291 1595 380 1662 uelut
400 1599 631 1672 Oeconomicus,
655 1601 761 1678 Hiero,
785 1601 996 1681 symposium,
1018 1597 1075 1664 alii
1098 1602 1165 1683 ejus
1195 1599 1323 1683 scriptis

294 1699 367 1764 aliis
389 1701 528 1784 immixti
552 1706 652 1783 sunt,
669 1702 709 1767 dc
733 1699 849 1787 quibus
872 1702 923 1766 hic
946 1723 1010 1767 non
1032 1701 1200 1768 dicendum
1223 1707 1282 1767 est.

357 1803 502 1870 Alterum
535 1807 655 1891 dialogi
688 1827 787 1890 genus
821 1811 871 1871 est
919 1827 1017 1890 quum
1050 1825 1070 1872 a
1110 1807 1322 1891 qualicumque

296 1906 389 1974 initio
412 1929 516 1976 sermo
547 1932 640 1978 orsus
663 1911 879 1995 colloquentes
901 1931 976 1976 mox
996 1911 1139 1976 traducit
1161 1911 1204 1976 ad
1225 1932 1321 1996 quae-

295 2012 414 2077 stiones
438 2015 610 2097 graviorss,
636 2035 719 2099 quae
742 2014 783 2079 ad
798 2013 1032 2097 philosophiam
1055 2016 1219 2096 pertinent
1233 2014 1321 2080 ideo·

294 2125 363 2200 que'
393 2118 625 2201 diligentiorem
658 2117 904 2202 suplicationem
937 2106 1131 2181 desiderant.
1186 2117 1223 2180 In
1256 2139 1320 2199 quo

292 2239 407 2302 genere
436 2241 534 2304 quum
563 2223 702 2305 primum
730 2221 877 2307 quaestio
907 2220 1083 2284 constituta
1109 2225 1174 2299 est,
1208 2220 1261 2285 via
1282 2241 1321 2286 ac

292 2324 417 2390 ratione
439 2325 612 2407 procedere
635 2347 740 2392 sermo
763 2323 845 2390 solet
867 2322 909 2387 ad
931 2321 1163 2406 explorandum
1185 2324 1318 2408 aliquid,

292 2427 380 2509 quod
402 2427 431 2493 si
452 2428 614 2496 interdum
635 2430 741 2496 minus
756 2449 868 2494 verum
890 2427 932 2492 sit
953 2465 998 2476 —
1018 2426 1083 2494 tale
1099 2427 1184 2492 enim
1197 2427 1321 2513 aliquid

196 2559 201 2568 ¹
292 2529 344 2594 vel
376 2531 632 2615 sapientissimus
664 2531 997 2617 prudentissimusque
1025 2553 1089 2598 ncn
1112 2553 1240 2617 semper
1269 2553 1320 2598 us·

294 2632 385 2715 sequi
402 2641 510 2718 potest
530 2674 576 2686 -
591 2643 626 2703 at
648 2636 819 2704 verisimile
835 2642 943 2705 tanen
965 2641 999 2701 et
1019 2637 1198 2720 probabile,
1221 2639 1320 2721 quod-

294 2758 355 2821 quc
387 2739 430 2804 ad
460 2761 571 2805 verum
604 2763 701 2827 quam
731 2741 877 2826 proxime
907 2741 1047 2806 accedat.
1103 2741 1321 2808 Instituuntur

294 2843 392 2907 ctiam
413 2843 496 2909 tales
521 2865 702 2927 sermones,
732 2852 768 2910 ut
789 2845 890 2910 falsae
913 2844 1072 2928 quaedum
1094 2844 1231 2910 aliorum
1252 2847 1319 2930 opi·

293 2947 405 3011 aiones
429 2946 598 3014 deleantur
619 2955 717 3034 atque
740 2971 779 3014 cx
806 2948 921 3014 animis
940 2948 1168 3031 exstirpentur.
1212 2948 1320 3015 Facile
1404 3020 1407 3024 ,

294 3056 402 3116 autem
420 3072 479 3135 por
494 3075 528 3118 se
548 3054 740 3138 intelligitur
761 3054 795 3118 in
809 3051 859 3118 his
880 3049 1147 3116 collocutionibus
1169 3071 1242 3117 cum
1257 3051 1319 3118 col·
1345 3077 1353 3094 ·

293 3154 461 3239 loquentes
490 3156 599 3242 aliqua
625 3158 760 3224 scientia
782 3155 926 3222 eruditos
957 3175 1027 3221 esse
1049 3161 1216 3239 oportere,
1250 3163 1320 3223 tum

293 3281 384 3341 vero,
407 3283 506 3346 penes
529 3263 687 3348 quamsit
711 3260 928 3346 principatus,
960 3279 1034 3324 eum
1055 3265 1088 3324 et
1108 3259 1227 3344 ingenii
1247 3281 1320 3327 acu-

295 3364 380 3430 mine
402 3373 435 3432 et
457 3367 603 3433 celeriter
631 3364 797 3453 judicandi
818 3362 1070 3447 providendiquc
1091 3363 1247 3430 facultate
1269 3385 1321 3429 ex-

294 3470 369 3534 imie
391 3489 461 3536 esse
483 3472 665 3556 praeditum
686 3468 803 3533 debere
825 3487 904 3550 prae
926 3466 1055 3547 ceteris,
1078 3473 1115 3531 ut
1137 3468 1225 3552 quod
1246 3489 1320 3550 pro

294 3573 436 3656 positum
456 3573 584 3655 habeat,
608 3595 642 3639 se
665 3575 911 3638 consecuturum
934 3591 1004 3635 esse
1026 3590 1158 3653 sperare
1179 3570 1291 3652 possit.

361 3677 431 3742 Hoc
454 3679 655 3763 dialogorum
677 3698 777 3762 genus
800 3696 820 3740 a
842 3677 972 3739 Plutone
992 3673 1139 3758 inprimis
1161 3672 1322 3738 excultum

294 3786 361 3861 est,
397 3783 452 3865 qui
475 3781 616 3848 Socratis
647 3781 792 3860 auditor,
827 3778 875 3844 ita
904 3781 971 3864 ejus
1000 3799 1066 3843 non
1087 3776 1158 3842 dico
1180 3775 1321 3861 philoso-

294 3883 414 3968 phiam,
439 3886 496 3950 sed
518 3883 766 3970 philosophandi
788 3888 820 3947 et
843 3881 1021 3947 disserendi
1040 3881 1175 3947 formam
1192 3880 1322 3948 adama

295 3995 400 4069 verat,
431 3995 653 4074 utnusquam
675 4008 747 4054 eam
768 3992 884 4070 postea
906 3985 1093 4052 dimitteret.
1139 3985 1242 4064 Quam
1264 4008 1323 4052 cur

350 4198 400 4268 29)
421 4201 473 4252 Cic.
493 4202 523 4252 ule
543 4202 622 4269 Otto.
640 4202 649 4252 l
668 4202 693 4270 ἦ.
712 4201 771 4254 135.
