2934 5076
140 1148 410 1252 Admirationem
440 1183 607 1250 verissime
635 1183 679 1248 ait
702 1183 894 1251 Aristoteles
918 1197 950 1252 et
974 1211 1043 1255 esse
1068 1200 1099 1256 et
1122 1191 1220 1257 fnisse

79 1317 186 1360 reusam
208 1296 453 1385 philosophandi
466 1295 499 1380 ¹).
545 1292 755 1360 Admiramur
782 1296 882 1378 enirn,
914 1297 967 1361 ubi
995 1301 1041 1364 rei
1073 1311 1220 1368 naturam

80 1407 290 1493 ignoramus¹),
314 1431 378 1496 qua
400 1406 610 1472 admiratione
633 1403 705 1492 ipsa
727 1415 763 1470 ut
787 1407 966 1473 accuratius
988 1408 1021 1474 in
1044 1433 1095 1476 res
1118 1411 1220 1500 inqui·

80 1537 167 1582 remus
188 1541 308 1607 eosque
330 1517 516 1584 studeamus
541 1539 737 1604 cognoscere
767 1515 967 1583 adducimur.
1014 1519 1220 1608 Cognoscere

81 1637 248 1711 munros,
279 1627 311 1693 id
334 1631 432 1695 habet
453 1629 538 1693 hanc
559 1629 767 1694 sententiam:
796 1650 991 1714 cognoscere
1015 1651 1125 1696 earum
1150 1656 1220 1702 cau.

81 1737 158 1822 ω’).
202 1739 238 1806 In
268 1763 333 1828 qua
363 1737 569 1826 indagatione
597 1739 804 1826 acquiescere
833 1739 864 1803 in
896 1739 994 1804 finitis
1018 1751 1050 1804 et
1072 1741 1221 1807 determi-

82 1849 145 1914 natis
170 1874 233 1916 non
264 1873 447 1937 possumus,
476 1847 596 1938 quippe
626 1871 710 1935 quae
739 1872 780 1915 ex
808 1849 877 1914 aliis
904 1872 1062 1936 suspensa
1089 1862 1121 1915 et
1144 1863 1220 1939 apta

81 1955 143 2034 sint,
174 1959 219 2024 ita
248 1971 284 2024 ut
311 1982 423 2025 eorum
448 1959 589 2045 ipsorum
622 1980 738 2023 caueae
772 1959 835 2023 sint
865 1958 1118 2046 investigandae.
1164 1961 1220 2028 Sic

82 2065 264 2152 inquisitione
292 2069 363 2156 ipsa
390 2071 584 2158 impellimur
615 2059 707 2158 quasi
736 2081 768 2135 et
798 2069 945 2155 cogimur
972 2069 1012 2135 ad
1044 2071 1164 2158 primas
1188 2083 1220 2138 et

82 2175 224 2244 absolutas
246 2202 355 2246 rerum
378 2204 490 2246 causas
513 2179 759 2269 quaerendas⁴)‚
797 2181 868 2246 Iam
890 2181 950 2244 hac
973 2179 1096 2245 ratione
1120 2181 1146 2245 si
1170 2203 1247 2303 res!

83 2285 268 2374 indagamus,
297 2290 339 2355 ad
362 2314 475 2357 causas
497 2291 704 2380 pervenimus
728 2301 880 2379 quattuor
889 2291 923 2374 ⁵).
969 2291 1112 2356 Primum
1135 2293 1243 2398 enimq

83 2417 162 2462 cansa
193 2399 308 2465 dicitur
339 2401 372 2466 id
406 2423 448 2466 ex
482 2425 545 2490 quo
578 2402 739 2468 substrato
773 2399 894 2488 aliquid
928 2403 1037 2466 oritur.
1092 2401 1222 2467 Deinde

83 2527 163 2571 causa
193 2520 327 2575 vocatur
360 2511 462 2576 forma
490 2522 522 2577 et
551 2513 733 2600 exemplar,
765 2509 804 2578 τὸ
837 2501 929 2590 εἶδος
961 2509 1018 2577 καὶ
1047 2509 1086 2578 τὸ
1116 2507 1223 2599 παρά-

83 2613 196 2703 δειγμα,
228 2620 498 2708 quemadmodum
525 2621 680 2710 diapason
707 2622 845 2688 efficitur
873 2621 997 2687 ratione
1027 2643 1110 2710 quae
1137 2623 1224 2686 inter

83 2723 131 2790 duo
155 2741 186 2794 et
212 2754 311 2797 unum
339 2732 509 2799 intercedit
542 2743 639 2822 atque
667 2732 699 2797 in
726 2734 911 2799 universum
946 2755 1093 2798 numero.
1138 2731 1223 2798 Tum

83 2857 194 2905 causam
216 2864 369 2908 vocamus
392 2842 424 2907 id
447 2843 532 2909 unde
554 2844 735 2930 profectum
758 2854 807 2909 eet
829 2842 953 2908 initium
976 2843 1022 2909 rei
1046 2855 1101 2908 aut
1122 2853 1225 2909 muta-

83 2953 123 3010 tae
143 2963 195 3016 aut
215 2950 248 3016 in
272 2951 413 3040 quietem
435 2953 603 3036 redactae,
635 2977 733 3040 quam
760 2974 876 3020 causae
905 2952 1173 3040 significationem
1197 2953 1224 3018 si

83 3057 206 3144 respicis,
228 3061 255 3127 is
277 3063 334 3151 qui
357 3063 456 3130 suasit
479 3073 528 3128 est
550 3087 647 3130 cansa
669 3074 702 3129 et
723 3075 817 3153 pater
838 3064 894 3129 filii
917 3075 1015 3152 atque
1038 3066 1168 3131 omnino
1192 3065 1224 3130 id

24 3193 25 3216 ε
84 3167 155 3250 qood
186 3171 284 3237 efficit
317 3173 385 3240 eius
421 3174 508 3262 quod
541 3173 680 3239 efficitur
714 3198 846 3240 causam
881 3175 1027 3241 dicimus.
1072 3175 1224 3262 Denique

24 3263 26 3272 ’
83 3293 232 3347 causaest
254 3283 327 3348 finis
349 3293 381 3350 et
402 3285 557 3365 ultimum,
586 3283 677 3350 cuius
698 3286 806 3374 gratia
827 3284 948 3373 aliquid
970 3286 1016 3370 ot,
1039 3286 1137 3352 veluti
1161 3309 1224 3353 anr-

24 3379 25 3386 '
83 3381 197 3457 bulandi
219 3406 388 3462 causaest
410 3398 507 3462 salus.

144 3581 160 3642 ¹)
177 3583 238 3634 Met
258 3584 290 3648 Δ,
311 3587 335 3636 2.
354 3589 404 3638 882
417 3585 435 3638 b
450 3585 567 3656 laeuae
591 3585 645 3656 γὰρ
668 3583 698 3638 τὸ
723 3581 876 3658 θαυμάζειν
895 3586 922 3638 οἱ
940 3579 1087 3656 ἅνθρωποι
1107 3588 1154 3654 καὶ
1171 3589 1223 3643 νῦν

82 3667 119 3716 :a
133 3665 161 3720 m*
180 3670 291 3740 πρῶτον
308 3663 426 3742 ἤρξαντο
446 3675 626 3744 φιλοσοφεῖν.
664 3675 704 3728 Gt.
722 3675 789 3728 Ptat.
809 3675 918 3728 Theaot.
938 3693 962 3744 p.
979 3677 1068 3728 1551).

144 3759 160 3820 ')
178 3759 239 3810 ttet
258 3759 292 3822 Α,
312 3764 335 3812 2.
356 3762 493 3814 982b17.

143 3841 160 3908 ³)
177 3846 258 3914 Phys.
276 3847 311 3910 II,
332 3853 357 3901 8.
379 3851 457 3903 raab
473 3857 517 3902 17:
542 3847 602 3902 ἐπεὶ
624 3845 679 3916 γὰρ
701 3849 751 3902 τοῦ
775 3848 880 3904 εἰδέναι
899 3847 984 3920 χάριν
1003 3843 1018 3916 ἡ
1038 3851 1222 3918 πραγματεία,

83 3925 171 3982 stdtrar
195 3931 255 3986 δὀὐ
278 3931 414 4008 πρότερον
437 3917 556 4008 ὃϊόμεθα
580 3936 697 3990 ἕκαστον
716 3937 783 4007 πρὶν
802 3932 837 3992 ἂν
856 3933 1032 4008 λάβωμεντὸ
1052 3931 1097 3988 did
1117 3939 1144 3987 rt
1160 3939 1223 4006 περὶ

83 4011 193 4076 ranno.

142 4109 161 4167 ⁴)
180 4111 259 4180 Phys.
279 4112 300 4176 1,
324 4117 344 4168 t.
366 4117 414 4166 184
427 4131 443 4166 ε
457 4119 502 4168 12:
521 4109 581 4167 τότε
599 4109 653 4182 γὰρ
672 4109 791 4183 οἰόμεθα
809 4109 955 4182 γινώσκειν
967 4112 1093 4178 ἕκαστον,
1112 4108 1178 4166 ὅταν
1191 4111 1223 4166 τὰ

83 4195 144 4246 urea
166 4203 345 4270 γνωρίσωμεν
367 4199 400 4252 τὰ
425 4202 520 4270 πρῶτα
546 4204 594 4254 καὶ
616 4197 663 4258 τὰς
687 4197 773 4269 ἀρχὰς
798 4198 846 4260 τὰς
870 4196 977 4270 πρώτας
1000 4203 1047 4254 καὶ
1070 4203 1151 4270 μέχρι
1171 4201 1224 4254 τῶν

83 4289 217 4350 στοιχείων.
248 4289 311 4341 Met.
321 4291 355 4354 Δ,
366 4291 390 4344 3.
409 4293 459 4342 988
472 4308 489 4343 ε
502 4294 549 4343 24:
568 4291 621 4344 τῶν
634 4289 663 4348 ἐξ
676 4287 759 4362 ἀρχῆς
773 4291 877 4354 αἰτίων,
897 4293 947 4344 888
960 4307 976 4342 ε
990 4295 1035 4342 88ε
1054 4288 1101 4356 τὴν
1115 4283 1224 4360 πρώτην

24 4443 25 4448 ¹
84 4369 172 4426 ‘itha
206 4375 244 4430 Oi.
267 4377 370 4430 Bonits.
390 4387 527 4430 comment.
548 4381 629 4444 p..59.
798 4389 805 4406 ¹

148 4461 259 4534 ornys.
281 4465 315 4530 u,
336 4467 359 4516 8.

1013 4563 1029 4626 1
