2870 5076
677 389 861 452 -3-

190 564 275 630 enim
297 563 329 628 id
353 562 556 652 quodmodo
579 560 740 626 obiectum
763 561 826 626 cia
848 558 940 625 nobis
957 569 1005 656 est
1020 549 1212 642 bmittimus,
1241 569 1345 625 tamen

187 674 244 739 illo
269 681 459 760 argumento
482 671 560 738 nibil
584 671 809 759 comprobatur
831 671 891 736 nisi
914 671 1044 736 notione
1066 693 1196 736 causam
1219 670 1346 736 finalem

190 807 266 850 casu
291 805 361 848 esse
388 782 544 870 priorem,
575 804 610 846 re
641 791 747 848 autem
778 791 810 846 et
838 782 973 848 veritate
999 803 1063 846 non
1093 779 1186 866 item,
1218 779 1286 846 sive
1314 791 1349 846 ut

190 905 320 960 utamur
336 893 531 960 Aristotelea
546 890 674 959 dicendi
696 892 833 958 ratione:
858 892 1086 980 comprobatur
1109 891 1201 957 nobis
1219 890 1348 978 quidem

191 1025 323 1070 causam
346 1003 475 1068 finalem
491 1025 567 1067 casu
590 1025 661 1068 esse
684 1001 832 1089 priorem,
856 1025 892 1068 re
915 1011 947 1068 et
968 1010 1085 1067 natura
1106 1000 1211 1066 minus
1222 1002 1256 1088 ¹).

276 1113 370 1178 Haec
393 1122 468 1178 sunt
490 1121 681 1200 argumenta
704 1113 819 1202 quibus
843 1113 1048 1201 philosophus
1069 1135 1198 1177 causam
1221 1111 1349 1176 finalem

191 1223 224 1289 in
248 1245 355 1288 rerum
379 1232 497 1288 natura
519 1225 627 1289 valere
651 1222 871 1290 demonstrare
898 1223 1033 1306 studuit3
1062 1223 1178 1310 quibus
1209 1221 1352 1288 conside·

192 1333 269 1399 ratis
293 1342 324 1398 ct
347 1333 535 1399 examinatis
558 1333 804 1421 progrediamur
825 1332 889 1398 iam
913 1334 954 1398 ad
977 1333 1260 1422 contemplandam
1280 1354 1352 1395 cau·

192 1465 248 1508 sae
276 1444 378 1509 finalis
407 1453 555 1512 naturam
586 1455 618 1512 et
645 1444 802 1527 indolem,
831 1443 934 1530 qualis
963 1444 1004 1509 ab
1031 1443 1208 1510 Aristotele
1228 1424 1353 1508 'consti-

192 1563 261 1618 tuta
285 1554 335 1618 sit.

278 1664 508 1762 Unaquaeque¹
525 1688 577 1730 res
600 1666 640 1730 de
666 1663 849 1730 Aristotelis
876 1667 1005 1756 quidem
1027 1668 1187 1734 sententia
1208 1665 1355 1754 gignitur

194 1799 213 1841 a
245 1785 376 1858 natura,
413 1784 448 1842 ut
483 1784 571 1841 certo
600 1775 740 1862 quodam
772 1799 869 1864 opero
898 1779 1121 1866 perfungatur.
1178 1775 1234 1844 Sic
1267 1773 1352 1840 oculi

194 1877 351 1968 oriuntur,
378 1895 415 1950 ut
436 1885 583 1969 videant,
606 1894 641 1951 ut
664 1886 750 1952 cibos
773 1888 1143 1977 comminuantdentes,
1174 1911 1212 1952 ac
1235 1885 1354 1973 primo·

193 2019 245 2063 rcs
276 1996 405 2084 quidem
432 2004 468 2090 ut
496 2018 585 2060 escas
612 1995 787 2080 dissecent,
815 2008 851 2065 ut
879 2009 1046 2065 conterant
1068 1999 1217 2063 molares.
1262 1994 1355 2061 Nihil

194 2109 278 2175 enim
301 2116 419 2173 natura
441 2107 562 2171 frustra
586 2106 699 2188 efficit,
728 2109 787 2174 sed
814 2109 985 2198 uuicuique
1013 2110 1059 2175 rei
1082 2131 1179 2195 quam
1201 2114 1356 2196 procreat

194 2241 274 2306 opus
297 2215 427 2304 aliquod
451 2216 693 2302 exsequendum
716 2216 853 2306 imponit
879 2229 976 2308 atque
998 2221 1092 2286 huius
1122 2221 1230 2305 operis
1254 2241 1356 2282 causa

194 2327 299 2416 giguit
307 2327 345 2412 ²).
390 2327 507 2414 Itaque
531 2348 612 2414 opus
635 2327 682 2394 rei
705 2326 777 2393 finis
801 2339 850 2394 est
871 2339 968 2417 atquc
982 2353 1035 2395 res
1057 2330 1129 2416 ipsa
1151 2328 1220 2394 eius
1238 2328 1357 2393 instru-

194 2437 380 2520 mentum³).
411 2434 585 2515 ·Qnocirca
613 2447 731 2503 natura
759 2439 929 2528 unicnique
956 2463 1021 2506 non
1049 2438 1176 2521 tribuit,
1202 2437 1356 2525 nisique

138 2546 1356 2638 ‘pmmbfflwfflmfflmmmmmmmmd

195 2651 289 2726 sunt(
324 2659 408 2723 Nam
433 2659 558 2746 “faciunt
585 2681 723 2739 serram,
751 2669 787 2726 ut
814 2660 881 2726 eius
910 2660 1029 2726 auxilio
1057 2659 1146 2746 ligna
1169 2656 1298 2745 aliaque
1323 2657 1355 2722 id

178 2769 322 2857 ,generis
346 2768 516 2852 dissecent,
540 2768 711 2836 aedificant
734 2771 855 2855 domus,
884 2780 920 2836 ut
942 2794 962 2836 a
981 2778 1208 2857 tempestatum
1224 2767 1356 2833 iniuriis

195 2892 230 2946 se
253 2878 444 2944 defendant·

281 2989 426 3078 Operum
449 2999 555 3055 autem
579 2990 641 3058 duo
665 3001 739 3058 sunt
761 3015 891 3080 genera.
936 2992 1080 3060 Primum
1109 2989 1194 3056 enim
1217 3012 1299 3076 opus
1324 2989 1356 3054 iu

195 3101 265 3191 ipsa
287 3101 413 3167 actione
435 3101 540 3168 inesse
562 3111 682 3190 potest,
706 3103 882 3170 cuiusmodi
904 3126 1003 3192 opera
1024 3125 1082 3168 nos
1105 3098 1235 3188 quidem
1258 3100 1356 3166 actio·

195 3213 290 3278 nibus
324 3212 531 3279 immanentia
568 3235 684 3278 vocare
717 3214 869 3296 solemus,
903 3213 1093 3280 Aristotcles
1127 3205 1357 3297 ἐνυπάρχοντα

196 3322 274 3389 dicit
282 3324 318 3409 ⁵).
362 3325 403 3390 In
431 3347 494 3411 quo
523 3345 655 3390 numero
686 3333 760 3388 sunt
782 3321 906 3404 videre,
936 3323 1092 3412 cogitare,
1120 3321 1247 3404 vivere,
1270 3345 1356 3410 quac

196 3434 303 3501 omnia
334 3434 375 3498 ab
409 3434 589 3500 actionibus
623 3432 766 3522 separari
801 3445 979 3523 nequeunt,
1017 3434 1114 3498 immo
1149 3435 1356 3502 continentur

196 3544 375 3610 actionibus
416 3543 504 3631 ipsis.
569 3542 729 3623 Quocirca
767 3566 961 3632 unoquoque
999 3543 1153 3631 temporis
1191 3557 1356 3612 momento

270 3735 289 3800 ¹)
308 3735 480 3788 Trendclenb.
498 3737 565 3803 Log.
585 3738 688 3788 Uuters.
706 3734 742 3798 11,
760 3751 786 3802 p.
798 3738 839 3788 65.

219 3835 224 3844 “
271 3825 289 3890 ²)
308 3824 386 3878 Polit.
405 3823 426 3887 1,
448 3827 470 3874 2.
493 3827 559 3876 1258
573 3840 589 3874 a
601 3826 631 3874 9:
656 3816 741 3876 οὐθὲν
760 3818 824 3892 γάρ,
849 3819 884 3881 ὠς
903 3824 1007 3893 φαμέν,
1026 3817 1115 3892 μάτην
1133 3818 1150 3889 ἡ
1170 3819 1355 3891 paletenmet.

195 3911 661 3981 mmmffimfflm

268 3999 287 4065 ³)
306 4002 347 4052 De
369 4005 436 4066 part.
462 4015 502 4050 an.
522 3997 544 4062 1,
563 4000 588 4048 5.
612 3997 693 4048 6451)
710 4001 756 4048 14:
780 3997 840 4050 anst
863 3995 895 4050 δὲ
917 3990 946 4051 sd
968 3995 1022 4066 μὲν
1047 3990 1170 4066 ὄργανον
1194 3998 1252 4052 πᾶν
1274 3995 1356 4052 ἕνεκά

195 4104 250 4152 που,
269 4087 324 4140 τῶν
343 4084 373 4139 δὲ
393 4087 441 4138 τοῦ
460 4082 587 4155 σώματος
604 4087 711 4154 μορίων
725 4058 935 4138 txuosov‘a'mu
955 4103 1012 4150 roo,
1031 4083 1061 4138 τὸ
1082 4084 1113 4138 dl
1132 4072 1166 4136 οὗ
1184 4085 1265 4138 ἕνεκα
1284 4089 1357 4158 πρᾶ-

196 4175 235 4236 ξίς
253 4191 300 4238 τις,
319 4170 442 4244 φανερὸν
461 4169 502 4225 ὅτι
522 4173 568 4224 καὶ
587 4169 616 4224 τὸ
636 4166 755 4228 σύνολον
774 4173 855 4242 σῶμα
877 4173 1024 4238 συνέστηκε
1043 4169 1165 4244 πράξεώς
1184 4189 1257 4231 τινος
1275 4173 1356 4228 ἕνεκα

196 4257 325 4332 πλήρους.

267 4348 658 4417 ⁴)L.l.1v,10.687s10.
696 4351 719 4404 8.
740 4350 870 4404 telate.
891 4349 939 4414 111,
959 4348 983 4401 1.
1003 4348 1140 4401 solbat.

270 4437 642 4506 umnammm
