2870 5076
661 433 1012 536 ¹--.ua-,

222 604 279 670 141
298 602 453 690 bbseqq.
476 611 630 690 punctum
654 602 741 690 prius
758 625 828 670 esse
848 602 925 670 dicit
947 603 1032 672 linea
1053 613 1152 693 atque
1175 605 1287 674 lineam
1308 604 1363 692 plu·

219 713 296 780 nitio
319 723 351 778 et
374 713 538 801 planitiem
562 734 706 800 corpora,
729 713 761 780 h.
779 735 808 778 e.
832 714 1100 800 geometricarum
1123 716 1297 804 figurarum
1314 714 1363 778 ori·

219 823 329 911 ginem
352 845 370 887 e
393 832 512 911 puncto
535 823 662 910 repetit.
706 821 824 890 Mentis
848 826 933 892 enim
957 824 1096 912 cognitio
1126 825 1330 914 proficiscitur
1349 847 1363 888 a

221 1044 423 1112 dissolvendo
447 1054 553 1109 autem
577 1065 631 1108 eas
656 1042 695 1108 ad
719 1042 831 1110 ultima
860 1045 1021 1112 elementa
1044 1069 1222 1134 causasque
1244 1044 1364 1125 reducit,

221 1179 285 1243 qno
303 1157 388 1220 facto
405 1154 468 1218 iarn
486 1155 526 1219 ab
544 1153 602 1236 his,
625 1176 707 1241 quae
724 1177 782 1240 per
798 1177 833 1220 se
850 1164 924 1222 sunt
940 1156 1086 1242 planiora
1103 1167 1136 1222 et
1152 1155 1365 1234 manifestiora,

221 1288 366 1345 exorsus,
389 1263 529 1330 fortuitis
551 1286 658 1330 rerum
682 1264 766 1330 notis
790 1273 823 1330 et
845 1266 1054 1352 qualitatibus
1077 1267 1214 1350 omissis,
1236 1274 1367 1331 constan·

221 1386 284 1441 tem
308 1399 346 1442 ac
366 1376 580 1442 necessariam
605 1399 716 1443 earum
738 1384 884 1442 naturam
909 1377 1082 1446 constituit.
1150 1394 1154 1402 '

307 1485 399 1564 Quae
421 1487 538 1552 mantis
560 1488 608 1552 vis
631 1498 667 1554 nt
690 1487 832 1576 apertior
855 1485 905 1567 sit,
926 1485 959 1552 in
980 1489 1168 1556 memoriam
1192 1506 1366 1554 revocamus

220 1596 344 1662 initium
371 1597 465 1684 primi
487 1598 694 1666 Politicorum
729 1598 817 1678 libri,
844 1595 900 1662 ubi
931 1598 1202 1684 quemadmodum
1231 1597 1321 1664 etiam
1340 1594 1365 1658 in

222 1706 336 1772 ceteris
367 1706 465 1772 rebus
493 1709 538 1773 ait
565 1709 598 1774 id
622 1710 709 1798 quod
737 1707 951 1795 compositum
980 1707 1037 1786 sit,
1069 1707 1305 1776 dissolvendum
1325 1705 1367 1783 sit,

221 1819 324 1884 donec
346 1819 574 1904 perveniamus
598 1820 639 1885 ad
654 1819 900 1906 simplicissima,
923 1818 970 1884 sic
991 1817 1088 1884 etiam
1104 1817 1266 1885 civitatem
1288 1817 1366 1882 radu-

222 1928 357 1994 cendam
394 1950 464 1994 esse
503 1929 543 1994 ad
580 1931 707 1996 ultimas
746 1928 1063 2017 simplicissimasque
1106 1929 1223 2017 quibus
1256 1935 1368 1996 constet

221 2038 390 2104 societates
404 2037 437 2125 ¹).
484 2041 578 2118 Quod
602 2051 772 2129 postquam
797 2039 890 2123 dixit,
915 2039 1076 2128 quomodo
1099 2040 1243 2106 homines
1267 2040 1306 2104 ad
1327 2059 1368 2102 co·

220 2150 353 2217 nubium
377 2161 408 2216 et
431 2151 543 2216 domus
567 2152 752 2216 societatem
768 2150 941 2217 ineundam
957 2160 1074 2216 natura
1086 2149 1157 2237 ipsa
1181 2152 1368 2218 adducantur

219 2261 358 2349 indeque
382 2261 502 2326 oriatur
516 2262 635 2326 ‘civitas
659 2261 869 2326 demonstrat.
914 2261 1005 2326 Haec
1036 2269 1085 2326 est
1112 2262 1226 2326 mentis
1255 2271 1366 2338 nature,

165 2431 166 2436 ,
220 2382 256 2450 ut
276 2395 328 2437 res
351 2393 431 2459 quas
453 2369 590 2458 percipit
605 2370 780 2436 dissolvere
803 2370 905 2457 possit
921 2382 1019 2459 atque
1040 2371 1080 2436 ud
1096 2369 1208 2438 ultima
1224 2373 1368 2438 elementa

221 2493 254 2547 et
275 2483 396 2569 primns
419 2503 531 2546 causas
559 2502 731 2560 revocare,
761 2504 824 2568 quo
855 2481 942 2548 facto
974 2481 1044 2569 ipsa
1075 2503 1129 2546 eas
1158 2482 1320 2549 constituit
1343 2485 1369 2542 et

219 2591 310 2680 quasi
338 2601 503 2677 procreat,
532 2590 577 2656 ita
607 2590 735 2656 utiam
765 2615 843 2656 vera
873 2613 911 2656 ac
942 2592 1096 2680 primaria
1126 2614 1236 2658 earum
1264 2602 1368 2658 natura

221 2713 384 2791 appareat.
428 2701 481 2766 Sic
503 2702 600 2767 ctiam
623 2700 655 2766 in
680 2700 776 2766 rebus
800 2701 1054 2788 quaesentibus
1078 2701 1180 2788 primo
1204 2699 1369 2789 percipiun-

220 2824 281 2894 tur,
303 2833 394 2877 mens
418 2810 606 2897 dignitatem
631 2833 669 2876 ac
692 2811 757 2876 vim
781 2834 872 2877 suam
895 2811 1029 2894 retinet,
1062 2811 1107 2875 ita
1131 2823 1165 2876 ut
1187 2811 1220 2878 in
1242 2811 1280 2876 iis
1301 2831 1368 2897 qno·

220 2945 283 3012 que
307 2921 459 3008 cogitatio
482 2932 626 2986 extremo
650 2919 784 2986 exsistat
807 2919 1012 3007 cogitationis
1037 2921 1202 3008 cogitatio.

306 3033 431 3112 Quibus
466 3031 620 3118 expositis
654 3039 780 3096 constat
813 3031 972 3096 humanae
999 3031 1117 3100 mentis
1152 3031 1366 3120 cogitationem

172 3205 174 3216 ,
220 3146 337 3212 suimet
358 3143 457 3231 ipsius
476 3139 638 3208 contineri
662 3164 717 3223 eo,
748 3151 784 3207 nt
813 3164 903 3208 mens
934 3141 1061 3208 obiecta
1091 3141 1291 3228 cogitationis
1312 3159 1367 3206 non

220 3256 348 3324 aliunde
381 3262 472 3341 petat
504 3251 561 3318 sed
593 3274 635 3317 ex
669 3260 770 3316 semet
809 3252 879 3340 ipsa
913 3253 1005 3341 quasi
1039 3251 1219 3340 depromat.
1261 3252 1366 3338 Neque

220 3367 314 3432 uliam
338 3364 607 3452 significationem
630 3361 749 3430 habere
772 3372 879 3450 potest
901 3363 995 3428 illud:
1017 3362 1217 3430 intellectum
1237 3363 1366 3430 divinum

220 3477 363 3564 cogitare
387 3485 489 3542 semet
511 3476 614 3563 ipsum
638 3485 670 3540 et
693 3473 920 3562 cogitationem
944 3497 1014 3538 esse
1037 3473 1242 3560 cogitationis
1262 3472 1367 3560 cogita·

113 3634 119 3648 ,
219 3588 349 3653 tionem.
394 3587 438 3649 Et
468 3585 544 3672 quid
573 3586 675 3671 magis
705 3585 880 3651 convenire
908 3594 1016 3671 potest
1047 3587 1080 3650 in
1111 3585 1250 3650 numinis
1278 3578 1366 3648 divini

220 3697 408 3784 dignitatem
431 3717 468 3759 ac
489 3695 730 3782 praestantiam,
756 3719 852 3784 quam
876 3718 940 3759 non
964 3694 1092 3760 aliunde
1116 3696 1144 3760 ei
1169 3691 1366 3762 adsciscendo

219 3830 289 3875 esse
313 3829 457 3894 eaquae
481 3805 615 3890 cogitet,
645 3803 702 3869 sed
731 3806 837 3870 omnia
859 3803 978 3868 habere
1002 3805 1033 3869 in
1058 3805 1276 3894 semetipso?
1317 3803 1366 3869 Co·

219 934 316 1000 rebus
345 934 519 1014 concretis,
551 943 586 1000 ut
615 954 698 1020 quae
732 935 825 1000 nobis
853 936 916 1002 sint
944 935 1096 1004 clariores
1125 946 1158 1002 et
1186 935 1364 1024 apertiores,

1421 3869 1422 3912 l

222 3967 422 3980 ...η-

296 4048 453 4116 ²)P01it.1‚
475 4051 497 4098 l.
520 4047 585 4097 1252
604 4062 620 4095 a
639 4049 684 4095 17:
712 4042 797 4110 δῆλον
816 4041 843 4096 d'
869 4043 945 4098 ἔσται
967 4041 996 4096 τὸ
1021 4041 1172 4114 λεγόμενον
1196 4041 1365 4098 ἐπισκοποῦσι
1421 4073 1422 4090 t

220 4133 289 4189 κατὰ
312 4133 361 4201 τὴν
385 4133 566 4205 ὑφηγημένην
589 4131 732 4201 μέθοδον.
756 4128 849 4200 ὥσπερ
870 4127 925 4198 γὰρ
949 4129 979 4184 ἐν
1002 4136 1058 4190 τοῖς
1083 4126 1176 4190 ἄλλοις
1194 4131 1224 4186 τὸ
1245 4129 1365 4184 σύνθετον

219 4227 302 4296 μέχρι
323 4226 377 4278 τῶν
402 4221 562 4277 ἀσυνθέτων
587 4215 694 4289 ἀνάγκη
722 4219 840 4287 διαιρεῖν
864 4219 961 4288 (ταῦτα
988 4216 1042 4290 γὰρ
1068 4215 1198 4287 ἐλάχιστα
1223 4191 1306 4290 pio'psa
1326 4211 1366 4268 τοῦ
1421 4291 1422 4296 ¹

220 4308 346 4381 παντός),
369 4310 439 4364 οὕτω
462 4313 509 4362 καὶ
532 4305 614 4364 πόλιν
637 4308 666 4368 ἐξ
689 4295 727 4362 ὧν
750 4304 890 4377 σύγκειται
912 4309 1081 4366 σκοποῦντες
1098 4305 1232 4379 ὀψόμεθα
1250 4299 1366 4365 καὶπερὶ
1421 4305 1422 4374 ζ

219 4395 323 4454 τούτων
345 4401 462 4471 μᾶλλον,
486 4403 515 4453 τί
529 4415 558 4452 τε
576 4397 761 4468 διαφέρουσιν
785 4391 920 4465 ἀλλήλων,
943 4396 991 4450 acl
1008 4397 1076 4448 εἴτι
1093 4394 1220 4463 τεχνικόν
1239 4395 1365 4464 ἐνδέχεται
1421 4447 1422 4456 η

220 4490 315 4558 λαβεῖν
332 4489 397 4559 περὶ
414 4487 530 4542 ἕκαστον
549 4486 603 4540 τοῖν
620 4487 771 4560 ῥηθέντων.
1421 4513 1422 4594 p
