2996 5082
160 1051 325 1110 Annotatio
349 1049 386 1112 ed
410 1069 460 1128 pg.
479 1047 530 1111 35.

329 1237 367 1300 De
389 1237 501 1298 lltcnll
522 1235 634 1298 ratione
656 1253 727 1315 que
749 1233 780 1296 ln
801 1231 959 1294 Rhetertele
982 1234 1132 1300 lerenlter.

213 1411 217 1418 '
251 1405 412 1468 Rhetorica
436 1427 507 1487 prae
539 1407 646 1468 ceteris
675 1405 791 1486 scriptis
813 1403 999 1463 Aristoteleis
1033 1425 1089 1464 non
1109 1414 1221 1464 tentum
1258 1405 1294 1462 iis

164 1508 331 1582 excellunt,
353 1531 429 1588 quae
455 1507 637 1582 Brundisius,
657 1509 694 1570 cf.
718 1505 827 1568 Philol.
850 1505 914 1576 1V.,
937 1526 988 1584 pg.
1013 1504 1042 1582 l,
1063 1499 1204 1588 affert*),
1241 1504 1292 1564 sed

164 1613 254 1671 etiarn
277 1610 394 1670 dicendi
417 1613 540 1673 ratione.
586 1612 633 1670 Ee
656 1611 734 1669 enim
765 1609 857 1668 multo
880 1609 981 1687 purior
1015 1619 1045 1667 et.
1067 1606 1219 1668 candidior
1242 1615 1295 1678 est,

164 1723 256 1794 etque
288 1714 394 1792 longae
417 1713 530 1794 periodi
568 1733 746 1794 quamquem
775 1709 924 1769 nonnullis
947 1711 1018 1770 locis
1044 1709 1220 1770 adhibentur
1248 1727 1294 1765 re·
1375 1723 1405 1796 '⁴

164 1817 280 1876 tissime
315 1825 413 1874 tamen
445 1817 579 1874 invenias
621 1814 851 1874 constructiones
895 1811 984 1872 dures
1024 1822 1054 1870 et
1096 1812 1295 1872 inconcinnos.

165 1917 265 1978 Etiam
300 1919 355 1976 hoc
389 1919 535 1976 invenitur
566 1915 740 1987 discrimen,
778 1913 857 1996 quod
882 1915 1059 1975 Aristoteles
1090 1934 1156 1972 cnm
1189 1914 1218 1970 in
1248 1933 1294 1972 ce·

166 2021 238 2080 teris
273 2022 389 2100 scriptis
426 2020 595 2079 notionibus
630 2039 727 2078 rerum
764 2017 983 2077 accuratissime
1024 2015 1199 2074 definiendis
1236 2035 1296 2074 me-

166 2123 247 2183 xime
276 2105 408 2194 studeat,
444 2123 475 2180 in
504 2122 549 2180 his
580 2121 663 2180 libris
688 2119 874 2196 definitiones
896 2121 990 2196 magis
1019 2117 1175 2176 adumbrat
1206 2137 1293 2196 qnam

149 2209 306 2303 ¹exponit,
339 2232 440 2284 contre
460 2217 605 2302 exeniplis
627 2221 779 2301 permultis
801 2220 960 2282 efferendis
982 2241 1029 2280 res
1052 2220 1189 2280 illustret.
1234 2219 1293 2278 Ta·

166 2325 225 2384 lem
250 2327 391 2385 rationem
428 2327 524 2384 minus
548 2313 716 2384 accurdtam
753 2343 819 2384 esse
842 2324 947 2400 negari
970 2323 1090 2402 nequit,
1123 2320 1177 2381 scd
1205 2323 1296 2380 multo

165 2427 282 2486 facilins
320 2428 444 2516 intelligi
477 2428 585 2489 clucet,
638 2426 700 2498 cl,
736 2439 768 2486 nt
798 2426 971 2504 ,exemplum
1004 2427 1140 2500 efferam,
1176 2424 1244 2484 inde
1279 2445 1297 2484 a

166 2550 219 2610 pg.
248 2529 338 2592 1360.
373 2530 402 2592 b.
432 2529 472 2592 14
503 2549 581 2608 quae
616 2528 653 2588 de
687 2521 918 2606 ,.εέδαιμονία“
952 2525 1032 2586 dicit.
1083 2525 1176 2586 Tales
1199 2537 1298 2585 eutem
1352 2581 1355 2588 ,

166 2631 330 2712 particulae
352 2650 430 2711 quae
453 2629 589 2690 videntur
608 2631 735 2689 sermoni
759 2628 855 2708 magis
891 2627 1018 2703 difficili,
1051 2641 1084 2688 ut
1113 2631 1155 2688 ite
1182 2629 1296 2706 dicem,

166 2742 197 2793 et
218 2734 386 2812 implicatae
422 2733 527 2794 melius
563 2734 736 2808 convenire,
773 2732 856 2790 velut
891 2723 949 2808 rursu
984 2732 1021 2794 cf,
1051 2752 1102 2811 pg.
1136 2729 1184 2794 lt).
1229 2725 1297 2810 μέν·

166 2856 220 2892 τοι
240 2846 270 2894 et
292 2832 395 2891 καίτοι
416 2836 452 2898 cf.
478 2854 527 2914 pg.
551 2833 601 2908 35,
627 2825 689 2914 ἄρα
713 2834 750 2896 cf.
774 2853 825 2914 pg.
851 2831 900 2903 dO,
924 2831 1034 2891 τοίνυν
1052 2835 1088 2894 cf.
1112 2853 1162 2913 pg.
1188 2832 1245 2908 51,
1267 2834 1296 2891 in

168 2937 335 2996 Rhetoricis
369 2937 517 2996 rarissime
554 2938 750 3000 inveniuntur.
796 2935 871 2994 Cum
909 2934 1033 2994 accedet
1062 2935 1139 3016 quod
1173 2935 1297 2996 eaedem

170 3059 262 3118 saepe
294 3039 457 3098 locutiones
494 3049 523 3098 et
553 3040 696 3098 formulae
727 3047 912 3118 repetantur,
947 3036 1029 3096 velut
1061 3037 1133 3098 illud
1166 3028 1203 3104 dri
1232 3058 1297 3097 cum

168 3143 353 3219 imperativo,
391 3135 429 3199 de
453 3160 511 3220 quo
544 3161 593 3220 pg.
615 3139 657 3201 42
685 3141 825 3212 vidimus,
867 3133 1045 3200 Aristoteles
1076 3141 1106 3198 in
1134 3140 1300 3200 Rhetoricis

169 3241 333 3302 scribendis
364 3242 457 3301 multo
493 3243 588 3318 magis
624 3264 711 3324 quarn
744 3244 774 3301 in
805 3242 911 3301 ceteris
946 3244 1062 3322 scriptis
1099 3241 1218 3302 videtur
1245 3241 1299 3302 hoc

168 3355 328 3424 spectasse,
355 3355 386 3403 ut
401 3345 490 3403 ctiam
513 3344 602 3403 abiis
624 3345 846 3422 intelligeretur,
871 3346 921 3424 qui
945 3345 1001 3424 ipsi
1022 3363 1118 3426 neque
1130 3345 1298 3426 philosophi

169 3465 268 3528 neque
291 3447 424 3506 doctrine
446 3447 579 3506 instructi
602 3456 710 3509 essent.
756 3446 815 3505 Sed
839 3445 894 3506 hoc
924 3445 1084 3506 tenendum
1124 3429 1170 3508 esi
1187 3448 1300 3508 Rheto-

168 3549 230 3607 rice
253 3550 389 3629 quamvis
414 3548 532 3608 dicendi
555 3549 675 3608 rationis
708 3547 837 3629 puritate
871 3549 1020 3609 excellent
1050 3545 1138 3610 veld‘e
1160 3561 1300 3611 tamenn

168 3661 325 3710 venustate
349 3651 466 3724 distare,
491 3671 568 3730 ques
589 3653 619 3710 in
639 3651 795 3734 postremis
819 3649 991 3714 Ethicorum
1014 3651 1096 3712 libris
1118 3655 1254 3714 cernitur.

237 3849 262 3910 *l
281 3849 353 3900 Dicit
373 3852 453 3900 euim:
483 3851 583 3914 „linter
602 3853 670 3903 alten
694 3869 743 3904 uns
762 3851 963 3902 rutbehrttenen
983 3853 1115 3904 Schriften
1134 3853 1179 3904 des
1199 3853 1298 3904 Aristo·

171 3935 236 3986 teies
259 3938 291 3984 ist
308 3937 386 3986 kene
399 3935 601 4004 vollsttlndigor,
624 3939 820 4002 ebeumltcniger
839 3937 890 3988 nud
913 3939 1090 4006 folgereclrtcr
1108 3937 1300 4004 durchgel'llhrt

170 4023 211 4072 sls
239 4021 282 4072 dle
300 4021 444 4082 Rhetorlk,
473 4023 552 4074 hcine
580 4026 605 4072 ln
633 4025 744 4074 welcher
768 4021 897 4074 Gedsnlrc
925 4025 978 4076 und
1009 4025 1148 4076 Ausdrnck
1176 4023 1301 4078 elucudcr

169 4107 244 4158 mehr
261 4107 446 4174 entsprtrhen,
464 4107 504 4158 ci·
525 4109 561 4160 ist
578 4111 621 4160 eiu
640 4113 721 4162 Wcrlr
742 4125 790 4162 ens
810 4109 896 4160 einum
915 4111 1024 4163 Gm‘.

632 4385 828 4400 ...ῥα-η..
