2870 5076
384 387 394 418 '
703 407 908 472 -ro-

227 609 299 652 cunr
322 583 363 650 sit
385 579 565 646 substantia
580 577 657 660 eius,
681 576 796 644 deinde
812 601 884 644 cum
900 578 941 644 sit
956 578 1024 646 eius
1039 577 1121 662 finis,
1144 578 1284 668 denique
1305 603 1367 646 cun

224 697 265 761 sit
287 693 320 760 id
341 692 426 760 unde
449 699 553 757 motus
576 686 748 785 exoriatur.

309 804 348 870 Id
371 811 479 868 autem
504 797 589 888 quod
619 797 723 863 forma
751 808 860 865 movet
890 806 939 864 est
967 801 1112 867 materie.
1157 802 1298 868 Omnino
1320 802 1369 866 for·

224 939 305 999 mae,
328 923 416 981 certe
437 935 545 978 rerum
567 931 649 997 quae
672 909 755 974 ortui
771 919 812 974 -et
826 909 969 975 interitui
989 921 1063 978 sunt
1084 911 1255 996 obnoxiae,
1277 911 1369 1000 requi·

224 1037 298 1093 runt
325 1024 493 1092 materiam
521 1041 625 1108 neque
653 1031 787 1105 possunt
814 1041 852 1086 ea
883 1041 1003 1086 cerere.
1048 1021 1134 1090 Nam
1166 1023 1301 1090 materia
1329 1031 1369 1086 est
1430 1093 1431 1104 p

150 1191 153 1202 ,
223 1137 435 1216 substratum,
466 1134 499 1198 in
527 1155 590 1219 quo
620 1132 742 1197 formae
774 1140 805 1196 et
828 1130 972 1198 oriuntur
994 1140 1027 1198 et
1048 1145 1184 1220 pereunt
1194 1134 1228 1221 ¹).
1273 1133 1368 1214 Quam
1430 1123 1431 1204 i

221 1258 371 1337 quattuor
393 1265 561 1310 causarum
576 1240 660 1305 inter
673 1263 707 1306 se
723 1240 992 1307 necessitudinem
1007 1251 1044 1308 ut
1060 1247 1241 1310 accuratius
1264 1268 1370 1332 cogno-

220 1381 357 1439 scamus,
380 1356 457 1422 satis
478 1374 548 1419 esse
570 1351 662 1416 nobis
685 1351 811 1417 videtur
831 1352 977 1446 proferre
994 1375 1033 1419 ea
1049 1377 1133 1442 quac
1149 1355 1189 1420 ab
1203 1355 1368 1420 Aristotele

220 1471 300 1536 Met.
324 1470 361 1552 Z,
385 1471 403 1534 Ἰ
427 1468 639 1553 disputantur.
682 1460 787 1526 Versu
819 1462 902 1527 eninr
931 1463 1013 1528 1032
1035 1487 1054 1528 a
1077 1465 1116 1530 13
1146 1463 1318 1552 Stagirites
1341 1466 1368 1530 in

222 1579 336 1669 quovis
367 1573 596 1666 procreationis
623 1592 744 1658 genere
767 1571 812 1636 ait
833 1573 894 1638 tria
917 1595 988 1639 esse
1012 1573 1254 1661 distinguenda:
1282 1575 1314 1641 id
1334 1597 1368 1638 ex

221 1715 284 1779 quo
307 1689 385 1778 quid
406 1689 471 1770 fiat,
493 1683 532 1752 cd
555 1679 593 1762 ἐξ
614 1671 662 1764 οὗ,
685 1681 718 1747 id
741 1707 759 1748 a
782 1705 845 1770 quo
869 1684 945 1772 quid
966 1685 1031 1769 fiet,
1054 1684 1094 1780 ad
1116 1679 1180 1775 ὑφ’
1206 1674 1258 1768 οὗ,
1279 1697 1368 1774 atque

221 1803 251 1868 id
277 1801 363 1889 quod
386 1799 463 1889 quid
485 1798 551 1881 fiat,
573 1793 612 1863 τὸ
634 1791 677 1862 τί.

307 1914 356 1978 Ac
384 1911 521 2000 primum
545 1907 673 1996 quidem
702 1903 880 1971 naturalem
906 1907 1148 1990 generationem
1171 1909 1368 1974 considerare

219 2025 323 2091 liceat.
368 2021 522 2088 Videmus
545 2027 663 2100 autem,
686 2025 721 2082 ut
736 2015 813 2104 quid
829 2017 930 2103 possit
944 2015 1029 2098 oriri,
1053 2041 1132 2106 opus
1149 2042 1220 2085 esse
1235 2019 1367 2085 duobus:
1430 2065 1431 2070 η

221 2159 258 2202 eo
281 2157 323 2200 ex
345 2155 419 2221 quo,
441 2131 487 2218 τῷ
500 2113 599 2209 diod,
623 2137 655 2192 et
677 2150 714 2193 eo
730 2149 749 2192 a
766 2148 839 2213 quo,
862 2127 909 2213 aq*
931 2120 987 2215 riq?
1012 2115 1064 2196 ori.
1099 2130 1244 2209 Quorum
1267 2131 1367 2219 priore

220 2271 293 2312 curn
316 2241 515 2330 significetur
537 2237 683 2320 materia,
707 2259 744 2302 eo
769 2261 787 2302 a
809 2261 873 2325 quo
895 2238 931 2303 fit
944 2237 977 2304 id
993 2239 1080 2327 quod
1102 2240 1204 2305 oritur
1225 2249 1289 2306 tres
1307 2239 1369 2306 reli-

220 2379 302 2444 quae
327 2364 454 2442 praeter
475 2347 644 2415 materiam
667 2369 783 2434 cqusae
815 2351 1039 2416 contineantur
1067 2371 1198 2417 necesse
1222 2362 1279 2418 ast.
1325 2355 1368 2418 Ac

219 2467 356 2554 primum
379 2462 508 2551 quidem
530 2460 563 2526 in
587 2482 624 2525 eo
647 2459 731 2524 inest
754 2481 851 2525 causa
868 2459 1020 2526 formalis.
1064 2461 1149 2527 Nam
1166 2463 1260 2529 horno
1277 2463 1368 2530 homi-

218 2599 289 2643 nem
312 2584 462 2664 procreat
483 2582 516 2637 et
537 2570 681 2660 plantam
703 2570 830 2656 planta,
854 2580 951 2658 atque
975 2571 1103 2638 omnino
1131 2573 1367 2662 unumquidque
1429 2581 1430 2608 ³

218 2686 322 2773 gignit
355 2685 419 2752 talc
445 2683 539 2774 quale
574 2692 622 2749 est
655 2683 759 2769 ipsum
769 2679 804 2765 ⁹).
850 2681 977 2748 Deinde
1010 2683 1094 2748 inest
1128 2707 1226 2751 causa
1258 2685 1365 2750 finalis.

218 2796 364 2884 Gignere
388 2796 471 2861 enim
486 2817 551 2860 non
567 2800 674 2883 potest
696 2801 820 2874 natura,
842 2792 904 2857 nisi
927 2815 1009 2881 quae
1032 2792 1096 2860 iam
1118 2799 1262 2883 perfecta
1276 2807 1368 2884 atquc
1428 2817 1429 2826 ³

217 2908 363 2974 absoluta
386 2908 437 2990 sit,
459 2908 486 2972 is
510 2917 618 2971 autern
640 2909 742 2967 status
766 2900 861 2966 etiam
877 2901 906 2968 ci
922 2903 1008 2990 quod
1030 2917 1205 2990 generatur
1229 2919 1276 2972 est
1291 2929 1366 2972 asse·

217 3017 410 3107 quendus³).
453 3015 605 3102 Denique
635 3013 748 3079 eadem
775 3025 890 3080 nature
917 3013 950 3079 id
978 3025 1026 3082 est
1049 3018 1141 3083 unde
1157 3028 1263 3085 motus
1284 3041 1368 3084 exor-

216 3131 288 3200 itur.
333 3131 417 3196 Nam
446 3149 555 3194 semen
585 3125 671 3213 quod
699 3126 774 3192 inde
804 3125 1017 3215 proficiscitur
1044 3137 1140 3215 atque
1169 3127 1201 3194 in
1230 3152 1292 3217 quo
1319 3153 1368 3217 po·

216 3241 317 3306 tentia
339 3241 441 3306 forma
462 3239 559 3317 inest,
588 3235 620 3302 h.
637 3261 664 3304 e.
693 3239 726 3302 in
750 3260 813 3324 quo
835 3239 881 3303 ita
901 3238 995 3317 inest,
1025 3248 1061 3303 ut
1090 3238 1216 3306 oriundi
1245 3251 1275 3306 ct
1307 3262 1368 3305 cre·

216 3350 325 3417 scendi
359 3352 401 3416 sit
432 3350 486 3416 lex
518 3371 555 3414 ac
588 3370 717 3430 norma,
753 3357 862 3416 movet
888 3350 1071 3434 materiam,
1105 3350 1205 3416 veluti
1238 3351 1269 3416 in
1302 3370 1370 3436 pro·

219 3497 418 3508 ———-

291 3585 308 3648 ¹)
330 3584 368 3636 De
387 3600 447 3650 gen.
467 3589 492 3633 et
511 3587 625 3648 corrupt.
643 3581 664 3646 1,
687 3585 725 3632 10.
747 3584 797 3633 328
810 3581 828 3634 b
842 3585 885 3634 10:
906 3578 1023 3652 θάτερον
1040 3579 1094 3651 μὲν
1111 3581 1236 3637 δεκτικὸν
1256 3577 1368 3650 θάτερον
1425 3597 1426 3669 p

216 3667 245 3722 δ’
266 3667 346 3728 ridor.
364 3671 385 3733 1,
405 3675 430 3720 4.
450 3672 499 3722 820
513 3687 529 3720 a
542 3673 571 3720 2:
590 3666 695 3721 ἔστιδὲ
716 3662 764 3733 ὕλη
784 3663 905 3739 μάλιστα
923 3669 977 3740 μὲν
995 3672 1043 3722 καὶ
1061 3674 1160 3742 κυρίως
1179 3670 1208 3725 τὸ
1229 3667 1367 3739 ὑποκείμε·

214 3776 266 3813 νον
283 3761 416 3828 γενέσεως
435 3757 482 3809 καὶ
505 3756 617 3826 φθορᾶς
640 3753 775 3811 δεκτικόν.
808 3759 871 3810 Met.
891 3759 920 3822 Z,
941 3762 965 3812 t.
986 3761 1052 3810 1032
1066 3777 1082 3810 a
1095 3763 1141 3812 20:
1161 3755 1270 3815 ἅπαντα
1289 3757 1319 3810 δὲ
1338 3753 1368 3809 τὰ

213 3843 367 3916 γιγνόμενα
387 3839 507 3914 ἢφύσει
529 3837 642 3914 ἢεέχνῃ
666 3843 721 3913 ἔχει
744 3841 819 3912 ὕλην.
857 3844 1368 3913 H‚1.1042225=atd‘arcsmat
1424 3843 1425 3899 i

215 3929 310 3986 οὐσίαι
325 3935 417 3986 πᾶσαι
435 3927 504 3998 ὕλην
523 3931 643 4000 ἔχουσιν.

290 4025 309 4086 ¹)
328 4025 367 4074 De
386 4023 463 4074 anim.
484 4021 519 4086 Π,
538 4026 562 4072 4.
584 4025 634 4071 415
649 4038 664 4074 a
678 4024 725 4076 26:
744 4019 937 4090 φυσικώτατον
955 4018 1010 4092 γὰρ
1027 4025 1082 4078 τῶν
1100 4024 1190 4093 ἔργων
1208 4027 1264 4084 τοῖς
1281 4021 1368 4086 ζῶσιν,

212 4105 266 4162 ὅσα
286 4113 373 4163 τέλεια
398 4111 445 4162 καὶ
468 4107 506 4179 μὴ
531 4105 699 4180 πηρώμαεα,
722 4105 804 4179 rivin
822 4113 932 4180 γένεσιν
951 4105 1107 4182 αὐτομάτην
1126 4111 1191 4180 ἔχει,
1211 4110 1240 4164 τὸ
1260 4109 1367 4176 ποιῆσαι

212 4197 305 4266 ἕτερον
320 4192 386 4262 ,οἷον
406 4194 483 4263 αὐτό,
502 4198 571 4265 ζῷον
589 4197 642 4268 μίν
661 4199 740 4267 ζῷον,
758 4198 848 4270 φυτὸν
867 4197 898 4251 di
917 4195 1015 4267 φυτόν.

287 4286 403 4350 ³)P01it.
423 4287 445 4349 1,
465 4290 488 4340 2.
512 4289 576 4338 1252
591 4287 608 4339 b
622 4291 668 4340 31:
692 4289 767 4346 τέλος
789 4285 843 4358 γὰρ
867 4285 933 4352 αὕτη
958 4285 1084 4351 ἐκείνων,
1107 4282 1173 4351 ἡδὲ
1192 4282 1275 4356 φύσις
1295 4286 1368 4342 τέλος
1422 4319 1423 4357 p

213 4372 295 4426 torta·
317 4368 377 4428 οἷον
395 4370 450 4442 γὰρ
469 4370 585 4428 ἕκαστόν
603 4373 659 4428 ἐστι
679 4376 724 4441 τῆς
740 4376 872 4444 γενέσεως
892 4377 1071 4442 τελεσθείσης,
1092 4373 1191 4442 ταύτην
1210 4375 1302 4446 φαμὲν
1321 4373 1369 4440 τὴν

213 4459 301 4531 φύσιν
320 4461 391 4517 εἶναι
410 4457 535 4515 ἑκάστου.
1421 4471 1422 4478 ’
