2870 5076
684 424 892 490 „44-

202 596 399 664 instituenda
423 605 492 662 erat
515 618 563 678 ea,
587 606 623 663 ut
645 619 756 663 omnes
778 595 862 662 inter
884 617 920 661 sc
943 595 1154 662 concinerent
1169 595 1249 662 etin
1264 617 1356 661 unum

204 708 296 796 quasi
319 732 436 795 corpus
458 715 592 796 possent
615 709 809 774 coalescere.

288 819 467 906 Hucusque
489 817 630 883 maxime
652 817 693 882 de
716 821 815 884 causa
836 817 926 884 finali
942 815 1178 905 disputavimus
1195 825 1291 906 atque
1313 814 1357 881 de·
1422 846 1423 908 η

202 929 452 995 monstravimus
478 951 577 1016 supra
596 931 669 994 cum
693 950 731 992 ea
754 928 984 995 consociandos
1006 949 1078 994 esse
1101 949 1231 994 causam
1254 927 1359 992 forma·
1422 923 1423 960 ³

203 1040 267 1104 lem
291 1049 324 1106 ct
347 1039 555 1123 efficientem
579 1061 659 1126 opus
675 1047 783 1104 eutem
799 1061 871 1106 esse
893 1040 958 1123 fini,
980 1048 1067 1106 utre
1083 1037 1186 1126 possit
1202 1009 1359 1118 exiistem
1422 1039 1423 1056 ¹

204 1150 349 1216 materia.
369 1128 522 1216 ’Ξῖἶῖἷῶ
542 1148 708 1234 attigimus
727 1147 929 1215 necessitatis
948 1151 1123 1231 notionem,
1147 1172 1231 1238 quas
1251 1146 1360 1214 summi

204 1221 408 1325 immina
430 1259 622 1327 Aristotelea
652 1268 701 1324 est
722 1260 887 1326 momenti.
933 1259 1047 1327 Utitur
1069 1269 1176 1329 autem
1198 1257 1361 1325 necessita·

204 1369 244 1434 tis
273 1392 337 1435 vox
367 1378 520 1457 quattuor
549 1369 690 1436 maxime
718 1369 803 1456 apud
832 1371 1038 1436 Aristotelem
1069 1368 1360 1458 significationibus,

205 1501 284 1566 quas
308 1479 517 1568 philosophus
547 1479 616 1567 ipse
645 1483 729 1546 inter
751 1504 786 1546 se
810 1479 977 1570 distinguit
999 1481 1077 1547 Met.
1101 1484 1142 1563 Δ,
1167 1481 1197 1563 5,
1227 1480 1282 1546 ubi
1308 1477 1360 1567 pri·

204 1612 293 1656 mum
324 1589 453 1678 quidem
483 1589 669 1656 necessaria
701 1600 811 1656 monet
843 1591 907 1657 dici
937 1615 975 1658 ea
1004 1591 1247 1700 ”Q
1258 1591 1361 1655 vivere
1423 1567 1424 1590 ¹

204 1700 256 1766 vel
279 1700 375 1766 finem
399 1699 598 1788 propositum
627 1700 993 1798 assequitremiscamus²
1023 1701 1124 1768 veluti
1151 1702 1312 1792 respirare
1334 1709 1361 1764 et

206 1811 278 1876 cibo
302 1811 347 1877 uti
371 1812 590 1878 necessarium
611 1813 654 1877 sit
677 1812 867 1878 animalibus
898 1822 995 1900 atquc
1024 1835 1157 1880 necesse
1181 1812 1223 1880 sit
1244 1810 1361 1902 profici·

204 1923 304 1986 scaris
337 1923 513 2009 Aeginam,
548 1931 583 1988 ut
617 1923 787 2010 pecuniam
822 1945 905 2011 quac
933 1922 990 1988 tibi
1025 1921 1181 1990 debeatur
1216 1923 1359 2010 accipias.

203 2033 332 2099 Deinde
354 2033 387 2098 in
409 2033 601 2100 necessitate
632 2033 738 2100 inesse
766 2035 929 2100 notionem
958 2033 1107 2118 violenti3
1138 2056 1214 2101 nam
1236 2034 1270 2099 id
1294 2053 1361 2120 qno

204 2165 267 2232 qne
297 2167 355 2211 nos
382 2165 501 2210 vocare
531 2143 750 2210 necessarium
780 2143 866 2233 quod
894 2115 1361 2242 saffialiweleetde
1424 2189 1425 2220 2

204 2264 302 2344 atque
324 2254 460 2343 imperio
484 2254 598 2320 coacti.
645 2255 728 2322 Tum
752 2254 864 2321 eodem
887 2257 934 2322 uti
961 2237 1197 2344 nominffquae
1220 2255 1312 2321 aliter
1332 2273 1361 2317 se
1418 2341 1424 2356 .

205 2477 232 2540 7.
260 2474 378 2541 lomb
396 2476 434 2540 11
460 2474 685 2563 complectitur
707 2475 773 2542 his:
796 2473 835 2543 τὸ
858 2474 921 2564 γὰρ
944 2471 1124 2565 ἀναγκαῖον
1145 2479 1361 2562 τοσαυταχῶς,

210 2583 249 2653 τὸ
271 2583 334 2670 μὲν
354 2580 415 2676 βίᾳ
438 2581 492 2654 ὅτι
513 2583 608 2672 παρὰ
635 2583 696 2675 τὴν
724 2580 843 2678 ὁρμήν,
872 2587 911 2656 τὸ
939 2588 978 2657 δὲ
1005 2577 1047 2656 οὗ
1075 2583 1134 2656 oo’n
1155 2581 1236 2658 dicen
1257 2589 1297 2658 τὸ
1318 2579 1360 2668 εὖ,

205 2695 244 2766 τὸ
267 2696 307 2765 dd
326 2694 372 2784 μή
396 2692 611 2782 ἐνδεχόμενον
633 2690 745 2778 ἄλλως
767 2693 844 2766 ἀλλ’
869 2693 996 2780 ἅπλῶς.
1031 2699 1185 2788 Denique
1208 2703 1361 2768 affertne

204 2808 388 2875 cessitatem
410 2809 600 2896 syllogismi.
634 2811 688 2877 Ea
709 2810 794 2876 enim
815 2810 908 2876 huius
932 2820 981 2876 est
1002 2819 1127 2894 natura,
1151 2819 1186 2876 ut
1208 2811 1252 2877 sit
1271 2805 1362 2896 λόγος
1425 2807 1426 2820 ’

206 2916 242 2987 ἐν
265 2908 292 3008 ᾧ
313 2918 481 2988 τεθέντων
501 2923 601 2990 τινῶν
624 2916 737 3010 ἕτερόν
753 2943 788 2987 τι
804 2921 871 2985 τῶν
892 2917 1052 3006 κειμένων
1069 2917 1106 3001 ἒξ
1121 2915 1264 3010 ἀνάγκης
1287 2943 1362 3004 συμ-

206 3029 318 3117 βαίνει
338 3033 384 3120 τῷ
405 3033 511 3101 ταῦτα
533 3025 669 3120 εἶναι’).

289 3144 343 3214 Ex
367 3144 482 3232 quibus
507 3153 660 3234 quattuor
681 3142 883 3210 necessitatis
899 3143 1073 3231 generibus
1088 3142 1228 3231 primum
1243 3155 1361 3211 tantum

205 3255 246 3321 ad
269 3277 401 3330 causam
428 3255 558 3322 finalem
588 3263 735 3343 spectare
763 3263 878 3343 sponte
907 3264 1052 3344 apparet.
1097 3251 1164 3322 Sed
1193 3256 1274 3322 haec
1301 3253 1362 3345 qui·

208 3367 280 3432 dem
303 3369 481 3433 necessitas
503 3365 536 3432 in
560 3364 706 3432 doctrina
728 3364 924 3433 Aristotelea
951 3364 1064 3433 eodem
1087 3387 1151 3454 quo
1175 3387 1271 3432 causa
1293 3366 1362 3432 fine·

204 3477 244 3543 lis
272 3477 374 3544 utitur
401 3476 524 3544 ambitu
533 3476 568 3562 ¹),
600 3475 753 3564 quocirca
772 3476 966 3542 Aristoteles
993 3475 1181 3564 saepissime
1209 3477 1305 3544 finem
1333 3483 1363 3540 et

204 3587 435 3658 necessarium,
451 3588 528 3654 dicit
556 3609 625 3654 csse
653 3609 766 3654 causas
794 3607 902 3654 rerum
914 3585 951 3675 ⁸).
997 3583 1065 3653 Sed
1094 3587 1242 3674 quamvis
1270 3605 1362 3673 saepe

281 3867 299 3932 ’γ
318 3865 369 3918 An.
393 3867 472 3933 prior.
496 3865 566 3932 1,1.
593 3863 720 3928 24b18,
746 3862 806 3914 coll.
830 3861 910 3929 Sopb.
933 3862 965 3916 el.
987 3867 1009 3915 1.
1030 3861 1171 3914 164b27:
1200 3857 1215 3914 d
1238 3859 1291 3933 μὲν
1313 3855 1362 3929 γὰρ

205 3951 392 4024 συλλογισμὸς
410 3952 441 4004 ἐκ
459 3952 541 4006 τινῶν
560 3950 618 4005 ἐστὶ
635 3952 771 4005 τεθέντων
790 3945 859 4002 ὥστε
877 3950 967 4018 λέγειν
986 3945 1079 4019 ἕτερόν
1097 3967 1121 4002 τι
1135 3947 1164 4008 ἐξ
1177 3945 1298 4018 ἀνάγκης
1314 3945 1363 4001 τῶν

204 4045 341 4120 κειμένων
359 4038 405 4094 dcci
423 4041 479 4093 τῶν
497 4041 643 4111 κειμένων.

279 4131 298 4196 ²)
317 4131 399 4198 Phys.
418 4130 453 4194 11,
474 4133 497 4181 9.
518 4133 568 4182 200
582 4146 597 4181 s
610 4127 637 4181 72
657 4123 759 4199 ὁμοίως
778 4126 809 4179 dl
829 4125 876 4178 καὶ
896 4123 925 4178 ἔν
943 4128 999 4183 ταῖς
1018 4118 1111 4185 ἄλλοις
1129 4127 1225 4195 πᾶσιν,
1245 4122 1362 4182 ἔνδοσις

206 4217 236 4273 τὸ
256 4216 335 4274 ’ἕνεκα
354 4237 403 4271 που
423 4216 506 4284 ἐστίν,
532 4215 583 4270 οὐκ
603 4208 668 4270 ἄνευ
686 4215 740 4287 μὲν
758 4217 816 4292 τῶν
832 4210 990 4280 ἀναγκαίαν
1009 4210 1130 4282 ἐχόντων
1148 4211 1196 4282 τὴν
1214 4212 1308 4286 φύσιν,
1332 4207 1361 4264 οὐ

204 4310 301 4380 μέντοι
320 4325 350 4376 γε
371 4303 417 4358 daci
436 4307 521 4359 ταῦτα
541 4301 603 4358 ἀλλ’
623 4300 640 4371 ἢ
660 4300 696 4364 ὥς
714 4300 791 4370 ὕλην,
810 4297 874 4358 ἀλλ’
896 4298 975 4356 ἕνεκά
994 4318 1052 4355 ταν.

234 4412 240 4424 ¹
279 4397 299 4460 ³)
320 4397 360 4447 De
378 4401 445 4461 pert.
465 4411 506 4446 an.
526 4397 547 4460 1,
569 4401 590 4452 1.
611 4399 735 4448 otest:
759 4393 830 4448 εἰσὶν
854 4385 909 4461 εἶρα
933 4387 978 4444 dd’
1005 4392 1090 4444 ctam
1113 4377 1208 4454 αὗται,
1231 4385 1263 4444 τό
1282 4383 1312 4442 θ’
1332 4372 1361 4437 αὖ

206 4485 286 4542 ἕνεκα
307 4484 354 4535 καὶ
373 4478 402 4535 sd
423 4481 452 4542 ἐξ
471 4478 600 4553 ἀνάγκης·
619 4478 709 4535 πολλὰ
727 4478 782 4552 γὰρ
799 4483 914 4552 γίνεται,
933 4473 974 4534 ὅτι
994 4474 1108 4548 ἀνάγκη.
1139 4480 1180 4531 De
1197 4495 1258 4549 gen.
1277 4493 1318 4531 cn.
1329 4474 1361 4536 11,
