2870 5076
671 399 879 463 ..26-

287 567 324 636 Si
347 567 423 656 quid
446 567 531 636 euim
554 567 767 658 compositum
790 578 853 651 est,
879 577 915 636 ut
943 593 1042 638 uuum
1069 570 1124 654 sit,
1153 593 1219 637 non
1247 579 1354 638 tamen

200 679 307 744 acervi
314 729 322 761 ,
352 679 410 746 sed
431 679 576 768 syllabae
598 681 709 762 instar,
738 678 914 767 quaeritur,
944 681 1022 768 quid
1049 681 1091 747 sit
1117 681 1205 770 quod
1235 690 1273 748 ut
1295 681 1356 748 ala·

199 797 308 854 menta
329 788 456 877 singula
478 812 546 857 rem
574 791 771 856 constituant
797 813 894 856 unam
923 790 1051 860 alliciat.
1095 791 1304 858 Elemeutum
1325 791 1356 856 id

200 921 270 964 esse
296 921 362 964 non
391 909 498 987 potest
526 923 633 988 neque
664 923 704 966 ox
728 900 894 968 elementis
922 901 1144 990 compositum.
1187 901 1275 968 Nam
1298 901 1358 967 ele

199 1018 343 1075 mentum
363 1009 391 1075 si
410 1009 443 1075 id
466 1021 561 1093 esset,
581 1034 693 1077 rursus
716 1035 797 1098 opus
819 1021 904 1078 esset
926 1011 987 1078 alio
1002 1017 1076 1100 ‘quo
1098 1011 1184 1100 quod
1206 1013 1270 1078 boo
1286 1036 1357 1080 oum

200 1117 331 1206 reliquis
345 1118 378 1185 in
394 1143 493 1186 unum
516 1119 727 1208 coniungeret
748 1121 1007 1208 conciliaretqua,
1031 1121 1117 1208 quod
1133 1145 1206 1188 oum
1229 1145 1358 1210 semper

200 1227 305 1294 denuo
335 1228 564 1326 requireretur,
591 1253 644 1296 res
671 1232 923 1319 progrederetur
944 1233 977 1298 in
1000 1219 1175 1314 infinitum,
1204 1233 1246 1300 oi.
1263 1234 1284 1299 b
1300 1238 1358 1301 21:

201 1334 237 1408 ia
256 1333 377 1408 τούτου
398 1338 460 1428 γάρ
483 1339 539 1408 καὶ
560 1340 668 1430 πυρὸς
689 1341 746 1409 καὶ
766 1345 828 1430 γῆς
849 1336 979 1432 ἕσταιῆ
996 1335 1082 1429 σάρξ
1101 1341 1159 1410 καί
1175 1342 1227 1411 ἔτι
1241 1337 1357 1424 άλλοα,

176 1453 178 1468 ¹
211 1447 228 1472 U
271 1444 281 1472 ³
326 1446 337 1472 ἱ
379 1442 399 1470 ,Ι

201 1473 269 1518 ωσι
306 1474 354 1530 εις
375 1475 518 1538 αττειρον
538 1454 720 1536 βαδιεῖται.
755 1455 878 1522 Contra
900 1477 940 1520 ax
961 1453 1128 1520 elementis
1144 1453 1172 1520 si
1186 1465 1359 1538 mosterot,

199 1561 320 1627 rediret
342 1562 487 1649 quaestio
511 1563 649 1651 quaein
672 1587 769 1631 carne
789 1577 821 1632 et
844 1565 968 1653 syllaba
991 1564 1228 1632 consideranda
1248 1588 1360 1632 ooour·

200 1673 311 1738 rabat:
335 1671 412 1758 quid
433 1673 548 1740 borum
571 1675 804 1742 elementorum
835 1675 996 1742 unitatem-
1013 1675 1197 1742 constituat.
1243 1676 1361 1764 ltaque

200 1785 393 1852 elementum
425 1783 457 1849 id
490 1806 561 1850 esse
593 1786 720 1873 nequit,
756 1785 816 1852 sed‘
852 1794 902 1852 est
933 1786 1185 1874 uniuscuiusque
1212 1787 1262 1854 rai
1290 1787 1362 1854 sub·

200 1896 327 1962 stantia.
360 1895 452 1960 Haeo
475 1895 558 1960 euim
580 1894 685 1984 prima
706 1898 754 1962 rei
776 1918 874 1962 eausa
896 1906 955 1962 est
994 1897 1064 1962 Iam
1089 1919 1162 1963 oum
1185 1897 1359 1964 nonnullae

198 2029 309 2073 rerum
323 2004 522 2071 substantiae
538 2027 602 2072 uon
618 2005 691 2089 sint,
713 2015 919 2094 quotcunque
934 2015 1042 2074 autem
1058 2006 1260 2074 substantiae
1275 2017 1361 2090 sunt,

200 2116 376 2183 secundum
392 2125 540 2182 naturam
558 2123 592 2181 ot'
603 2126 721 2183 natura
736 2115 948 2198 constiterint,
963 2126 1080 2184 natura
1093 2117 1165 2205 ipsa
1180 2117 1361 2185 substantia

199 2236 262 2312 ast,
285 2249 368 2315 quae
390 2249 456 2292 non
479 2227 672 2316 elementum
695 2236 759 2308 est,
788 2226 846 2291 sed
869 2226 1077 2316 principium,
1099 2227 1194 2296 1228:
1221 2221 1356 2298 irreli'

200 2333 274 2406 ἔνια
296 2332 356 2405 οὐκ
378 2331 493 2406 οὐσίαι
514 2339 581 2403 tois
595 2332 811 2426 πραγμάτων,
834 2330 911 2404 ‹iit'
930 2332 1011 2406 ὅσαι
1024 2331 1139 2408 οὐσίαι
1154 2339 1241 2408 κατὰ
1256 2335 1361 2429 φάσιν

152 2501 155 2506 .
200 2447 256 2516 καί
278 2442 383 2536 φάσει
410 2442 644 2536 συνεστήκασι,
675 2444 796 2536 φανείη
823 2441 864 2516 ἂν
893 2445 951 2516 καί
978 2445 1062 2538 αὕτη
1087 2443 1236 2540 ἡφύσις
1257 2447 1361 2522 οὐσία
1433 2437 1434 2442 ¹

200 2560 309 2646 (uobis
335 2559 542 2627 scribendum
564 2560 706 2626 videtur:
738 2558 796 2627 καὶ
827 2552 912 2648 αὕτη
941 2553 963 2648 ἡ
990 2554 1116 2648 φάσις),
1144 2557 1167 2652 ἥ
1196 2561 1287 2632 ἐστιν
1322 2557 1362 2632 οὗ

200 2671 364 2753 στοιχεῖον
378 2664 454 2739 ἀλλ’
472 2665 623 2760 baffi-‘¹
657 2670 714 2740 Sis
730 2671 915 2740 animalium
939 2671 1120 2738 substantia
1141 2681 1191 2740 est
1206 2673 1359 2762 τιταίνοιτ’).
1432 2737 1433 2740 ,

198 2782 319 2850 Anima
341 2805 418 2850 vero
441 2782 538 2850 otiam
559 2783 716 2851 unitatem
740 2781 886 2850 animalis
907 2781 1007 2850 efficit
1017 2779 1054 2869 ⁸).

204 3055 258 3106 rios
277 3054 345 3108 haee
359 3056 480 3122 potuisse
496 3055 566 3105 iuter
584 3069 613 3105 se
631 3051 789 3106 oonsuudera
806 3057 923 3119 apparot.
960 3053 1044 3105 Cuius
1061 3053 1167 3121 generis
1185 3070 1257 3107 error
1272 3059 1364 3107 ιιοτίττ
1431 3095 1432 3102 ,

202 3144 308 3210 quidem
339 3143 471 3196 mutantia
498 3143 627 3209 reperitur
655 3142 734 3192 etiam
756 3140 838 3208 Phys.
857 3141 893 3204 11,
912 3143 937 3193 9.
958 3140 1039 3194 roob
1054 3145 1081 3192 1:
1105 3138 1166 3193 ἔνιοί
1182 3137 1202 3205 ἡ
1218 3141 1293 3194 aiaton
1310 3159 1362 3194 τοι·

202 3227 277 3297 όνδε,
295 3225 361 3284 τάδε
378 3228 424 3284 δεῖ
438 3232 588 3299 γίγνεσθαι
606 3229 654 3280 ταί
671 3223 807 3296 ὑπάρχειν
826 3226 855 3285 ἐξ
872 3223 1003 3296 ἀνάγκης,
1022 3228 1070 3279 καὶ
1087 3225 1176 3294 insti
1188 3224 1278 3297 ὑγίεια
1291 3227 1361 3292 τοδί,

151 3367 153 3372 .
200 3314 266 3370 τάδε
285 3315 330 3370 δεῖ
345 3321 494 3386 γίγνεσθαι
512 3316 541 3377 ἐξ
560 3312 682 3385 ἀνάγκης
700 3316 746 3367 καί
765 3310 909 3383 ὑπάρχειν.
930 3311 1015 3374 οὕτως
1027 3316 1075 3367 καί
1086 3307 1274 3384 είάνθρωπος
1291 3315 1361 3381 τοδί,
1430 3353 1431 3356 ,

198 3403 273 3456 sarit·
291 3406 315 3456 ai
325 3403 439 3472 asrael,
451 3406 523 3462 ταδί.
551 3406 742 3458 Existimomus
756 3405 826 3456 anim
841 3403 1008 3456 seribendurn
1021 3418 1092 3456 aare:
1107 3403 1132 3455 εί
1145 3402 1177 3456 δὲ
1191 3403 1262 3471 τοδί,
1276 3403 1350 3457 ταδί.

271 3492 290 3557 ¹)
309 3493 464 3545 Primsriam
482 3497 553 3546 enim
565 3496 590 3546 si
602 3499 706 3561 speeies
725 3487 821 3554 οὐσίας
839 3492 1069 3558 significationem,
1088 3507 1175 3544 rorum
1193 3492 1360 3544 sensibilium

200 3579 365 3632 substantiae
383 3596 436 3631 uon
455 3589 518 3632 suut
536 3583 590 3634 uisi
608 3581 752 3644 normales,
771 3581 803 3632 of.
823 3581 855 3632 de
873 3583 953 3631 anim
966 3579 1002 3642 H,
1023 3586 1045 3629 l.
1059 3583 1110 3630 412
1124 3596 1142 3630 a
1153 3584 1198 3632 li:
1218 3577 1311 3632 οὐσίαι
1328 3578 1360 3632 δὲ

200 3663 314 3738 μάλιστ’
336 3665 407 3722 εἶναι
426 3665 543 3720 δοκοῦσι
558 3665 592 3721 τὰ
612 3663 737 3737 σώματα,
755 3663 926 3722 καὶτούτων
946 3661 978 3720 τά
997 3663 1117 3736 φυσικά·
1136 3668 1223 3720 ταῦτα
1238 3664 1293 3738 γὰρ
1305 3668 1359 3721 τῶν

201 3751 292 3809 ἄλλων
310 3751 404 3827 ιίρχαί.
442 3758 542 3808 Temen
560 3755 744 3808 offendendum
763 3763 804 3808 ast
820 3757 849 3806 in
868 3755 986 3822 eoquod
1003 3755 1167 3808 substantias
1186 3771 1243 3810 ease
1259 3761 1360 3823 paster

201 3861 242 3896 ros
262 3845 395 3897 naturales
414 3849 533 3912 uagatur.
570 3845 664 3911 Itaque
681 3859 827 3913 proponere
845 3843 972 3896 audemus
991 3842 1070 3894 haee:
1095 3840 1155 3895 ἐπεὶ
1179 3841 1210 3894 δ’
1230 3843 1289 3898 ἔνια
1308 3837 1359 3894 οὐκ

201 3928 367 3985 οὐσίαντῶν
385 3928 568 4004 πραγμάτων,
586 3928 648 3984 ἀλλ’
670 3927 773 3997 οὐσίαι,
798 3925 851 3984 ὅσα
870 3927 940 3984 κατὰ
960 3925 1048 3998 φάσιν
1066 3930 1115 3982 ταὶ
1132 3926 1217 3999 φύσει
1234 3926 1359 3995 συνεστή-
1428 3973 1429 4006 q

202 4033 277 4088 τισι,
294 4021 395 4090 φανείη
414 4013 449 4074 ἂν
468 4021 515 4074 ταί
534 4017 603 4088 αὐτὴ
622 4016 638 4086 ἡ
657 4014 742 4090 φάσις
760 4014 850 4072 οὐσία.

276 4109 294 4174 ¹)
314 4111 376 4163 Mat
395 4111 425 4174 Ζ,
447 4115 485 4163 10.
508 4109 605 4162 1035b
621 4114 666 4160 14:
686 4105 747 4160 insi
766 4106 799 4160 <il
816 4101 832 4173 ἡ
850 4105 904 4160 τῶν
924 4099 1001 4174 ζῴων
1018 4100 1095 4174 ψυχή
1108 4105 1199 4172 (τοῦτο
1210 4102 1265 4175 γὰρ
1278 4099 1358 4157 οὐσία

201 4197 251 4250 τοῦ
269 4191 410 4268 ίμψάχου)
429 4192 446 4263 ἡ
465 4194 534 4250 κατὰ
551 4193 600 4249 τὸν
619 4191 806 4264 &romaniola
825 4195 874 4246 καί
890 4190 922 4246 τὸ
941 4191 1015 4252 sirloc
1033 4190 1127 4248 καὶτὸ
1145 4197 1174 4248 τί
1188 4188 1223 4259 ἣν
1241 4192 1310 4248 εἶναι
1322 4191 1358 4259 τῷ

201 4283 299 4352 τοιῷδε
323 4281 430 4356 σάματι
454 4293 480 4337 et
503 4302 570 4354 quae
594 4301 668 4352 sequ.
703 4284 842 4337 Daunius.
862 4283 896 4346 Π,
920 4290 943 4342 1.
963 4286 1103 4337 sraela:
1128 4275 1283 4351 άντγταῑον
1304 4273 1359 4350 ἄρα
1427 4273 1428 4332 i

202 4370 251 4438 τὴν
269 4370 363 4440 ψυχὴν
382 4368 481 4426 οὐσίαν
499 4370 570 4427 rim
587 4367 624 4431 ὡς
641 4370 714 4433 εἶδος
732 4368 860 4442 σώματος
878 4372 1001 4441 φυσικοῦ
1019 4366 1137 4442 δυνάμει
1155 4367 1224 4437 ζωὴν
1242 4368 1358 4438 ἔχοντες.

274 4458 294 4524 ³)
312 4461 355 4513 De
371 4463 450 4514 anim.
469 4461 504 4527 Η,
524 4468 549 4517 4.
568 4463 620 4518 416
633 4465 690 4514 at:
708 4457 778 4534 πρὸς
798 4457 830 4514 δὲ
848 4456 952 4520 τούτοις
968 4462 997 4513 τί
1006 4456 1037 4513 τὸ
1051 4459 1169 4530 συνέχον
1181 4460 1219 4520 είς
1230 4454 1358 4513 τάναντία
