2870 5076
523 415 730 486 ..τε-,-

70 591 172 660 tonini
197 589 342 680 potantia
369 612 434 678 qua
459 587 563 656 indito
587 590 646 670 sit,
674 611 758 678 quse
785 587 918 669 rstioni,
954 589 1039 678 parti
1066 589 1207 658 bominis

69 704 189 790 optimus
209 727 248 770 ae
269 699 575 789 praestantissimae,
597 698 788 766 adversetur
808 711 907 787 atque
929 710 1098 788 repugnet,
1121 723 1207 788 quse

67 813 218 900 qoom'nrns
239 812 337 880 homo
356 811 453 878 tinem
468 833 489 876 u
503 820 620 878 nutura
633 809 833 897 propositum
854 822 1043 899 assequatur
1057 821 1090 876 et
1105 811 1208 900 possit

68 920 205 1010 inpedire
227 933 262 988 et
282 922 471 1009 saepissime
493 919 656 1008 impediet.
701 920 935 1008 Inquireudnm
958 933 1015 1002 est,
1040 911 1102 988 onr'
1118 933 1209 988 netu·

66 1053 111 1098 ree
135 1034 290 1102 humanm
317 1030 550 1118 diserepentie,
579 1053 661 1118 quse
689 1051 708 1092 a
737 1052 835 1095 neusa
861 1031 950 1098 finali
977 1055 1109 1120 prorsus
1136 1056 1207 1100 esse

67 1141 158 1208 aiens
176 1141 314 1225 ridetur,
341 1141 383 1206 ait
409 1140 559 1208 admissa.
605 1139 672 1208 Sed
694 1138 750 1206 vix
772 1140 859 1228 apud
881 1141 1090 1212 Aristotelem
1113 1141 1207 1210 huius

65 1252 244 1339 quaestionis
266 1252 408 1340 reperies
430 1273 630 1337 responsum.

137 1365 281 1452 Apparet
311 1373 418 1428 autem
451 1386 493 1428 ex
526 1361 565 1426 iis
602 1383 685 1448 ques
718 1361 758 1426 de
785 1361 966 1449 privatione
999 1362 1205 1430 disseruimus

66 1473 253 1542 tn'stotetern
271 1473 435 1540 malorum
458 1471 651 1562 principium
678 1491 735 1559 per
764 1495 799 1538 ae
821 1471 1000 1538 consistens
1023 1497 1086 1540 uon
1110 1496 1208 1560 ugno-

66 1583 149 1668 visse,
176 1583 234 1650 sed
256 1583 406 1649 tribuisse
428 1583 513 1648 mala
539 1581 711 1669 privationi
742 1604 879 1671 eamque
907 1586 940 1647 in
962 1603 1070 1648 rerum
1092 1596 1209 1652 natura

65 1694 167 1779 partim
188 1717 207 1760 e
217 1695 364 1796 Q*
393 1693 526 1780 eiusque
548 1691 687 1773 viribus,
718 1691 908 1794 Pffl'ffl
910 1693 1208 1795 perturbationibus

66 1781 361 1901 etimpedimentis,
396 1827 481 1894 quae
510 1801 705 1868 exsisterent
732 1787 944 1885 necessarios
959 1785 1208 1889 r'e‘poe'i'isffin

51 1899 169 2008 ‘rrffiii
191 1895 491 2016 eutiffiQum
520 1915 587 1980 vita
609 1936 627 1977 e
649 1912 751 1980 libero
775 1912 909 1978 arbitrio
931 1925 1029 2002 etque
1054 1915 1209 2002 eupidita-

65 2009 136 2092 tibus
155 2025 277 2093 bomini
297 2049 317 2090 e
338 2035 455 2094 ustura
476 2025 581 2094 insitis
592 2026 626 2112 ¹).

133 2137 242 2224 Atque
270 2136 368 2204 etism
397 2136 619 2204 demonstrare
648 2135 757 2200 studet
783 2133 903 2202 malum
931 2135 1008 2223 quid
1036 2157 1094 2224 per
1117 2159 1153 2203 se
1175 2119 1210 2204 et

65 2264 195 2312 aeonum
217 2258 363 2314 construe
384 2271 450 2314 non
473 2246 612 2336 posse’).
658 2245 822 2331 „Melior‚“
848 2245 903 2328 eit,
927 2256 980 2331 ,et
995 2248 1210 2332 praestantior

66 2365 142 2422 setus
163 2369 214 2426 est
235 2359 320 2424 bone
342 2359 498 2448 potentia.
543 2358 629 2424 Nem
651 2375 865 2448 quaeeunque
893 2368 968 2422 sunt
990 2361 1143 2443 potentia,
1172 2383 1211 2426 ea

65 2465 190 2532 madere
210 2479 345 2556 possunt
367 2469 538 2536 contraria.
581 2466 707 2534 Eadem
731 2467 815 2532 enim
831 2476 882 2530 est
896 2466 1041 2553 potentia
1063 2468 1213 2536 sanitatis
1239 2549 1243 2556 ,

65 2577 208 2644 etmorbi
235 2589 337 2666 etque
362 2587 464 2644 status
492 2587 525 2644 et
554 2587 671 2644 motus.
717 2575 840 2644 Contra
869 2587 959 2643 setus
990 2577 1022 2642 in
1053 2579 1211 2648 alterutro

65 2688 285 2756 mentorum
308 2687 461 2767 consistit,
485 2689 589 2754 uitero
610 2684 753 2761 excluso,
781 2707 879 2772 quem
901 2687 943 2752 ob
967 2709 1098 2756 causam
1121 2703 1212 2760 uetus

64 2799 232 2866 remano
260 2809 316 2866 aot
342 2797 447 2866 bosus
473 2808 531 2866 aut
556 2797 662 2864 meurs
694 2796 790 2882 eat³).
834 2797 953 2885 Itaque
987 2797 1092 2866 bonus
1121 2811 1212 2868 notus

66 2959 251 2978 'Qun—.-

12 3051 13 3120 ]
125 3066 143 3132 ')
161 3068 236 3120 Haeo
253 3072 278 3121 si
296 3085 358 3121 vers
376 3073 453 3130 sunt,
479 3069 512 3120 ad
536 3069 713 3134 privationem
731 3067 802 3134 quod
821 3071 916 3120 attinet
934 3070 1022 3120 lenius
1041 3071 1230 3124 iudicandum·

12 3211 13 3232 Χ
66 3159 98 3202 ss
112 3154 143 3205 de
160 3157 302 3210 Aristotele
319 3172 399 3222 quam
417 3157 480 3208 ieoit
498 3155 666 3221 Struempsli.
684 3155 808 3207 Theoret
827 3157 928 3208 Phiios.
949 3159 974 3208 d.
994 3157 1039 3208 er,
1060 3175 1084 3226 p.
1099 3161 1195 3226 ²27sq.

12 3245 13 3270 ¹
124 3242 223 3305 'treet
246 3243 278 3308 Θ,
298 3247 322 3298 9.
340 3245 376 3294 in.

124 3327 144 3392 ¹)
161 3331 316 3382 Aristoteles
334 3331 379 3381 hie
397 3331 506 3398 respicit
523 3331 632 3382 formam
652 3337 677 3380 et
697 3333 874 3396 privationem
893 3347 950 3382 eum
971 3347 1038 3398 quae
1058 3334 1157 3384 formae
1175 3336 1215 3384 iu·

12 3447 13 3488 τ
64 3421 109 3464 star
125 3419 168 3480 sit,
186 3429 266 3484 atque
284 3421 401 3469 notiones
419 3426 445 3470 ot
463 3417 629 3468 conditiones
648 3433 717 3484 quae
729 3421 764 3471 iis
779 3419 964 3484 respondeant,
984 3417 1010 3468 id
1024 3419 1095 3484 qnod
1108 3427 1217 3487 apparet

12 3509 13 3516 ’
64 3513 89 3550 ⁸¹
105 3506 228 3572 exemplis
246 3519 314 3570 quae
331 3507 436 3572 protest.
473 3503 511 3557 Gi.
534 3509 598 3558 loti
613 3509 674 3557 si:
702 3504 839 3574 ὑγιαίνειν
858 3501 1027 3568 notisnotis,
1046 3509 1106 3559 ⁸8:
1125 3502 1217 3575 ὑγιαί-

12 3643 13 3662 Ὶ
64 3594 175 3643 recreet
193 3588 318 3662 κάμνειν,
337 3611 355 3645 a
367 3597 396 3648 tr
413 3589 526 3664 ἠρεμεῖν
545 3594 592 3644 sut
610 3597 760 3659 κινεῖσθαι,
780 3593 944 3664 οἰκοδομεῖν
963 3596 1010 3646 καὶ
1022 3592 1216 3660 καταβάλλειν,

12 3689 13 3728 t
64 3680 127 3728 ⁸¹⁰:
149 3677 360 3751 οἰκοδομεῖσθαι
385 3683 432 3734 καὶ
454 3685 649 3734 καταπίπτειν.
686 3683 737 3734 Sed
762 3685 885 3748 quamvis
909 3699 988 3752 saepe
1005 3698 1038 3732 ea
1056 3698 1124 3750 quse
1147 3685 1217 3734 inter

64 3773 87 3810 tt
101 3769 227 3820 mannis
238 3775 300 3818 sunt
312 3770 367 3820 siut
385 3769 525 3834 eiusmodi,
544 3777 575 3821 ut
593 3769 704 3820 alterum
717 3770 783 3821 boni
798 3773 863 3836 quid
876 3772 920 3834 sit,
940 3770 1004 3821 mali
1017 3769 1081 3836 quid
1093 3771 1214 3834 aiterum,

63 3851 137 3902 umen
158 3869 210 3905 non
233 3858 322 3908 omnis
345 3859 475 3909 contraria
498 3855 564 3908 boni
583 3861 609 3907 et
628 3856 691 3908 mali
710 3857 858 3910 diserimini
883 3857 1005 3909 subicere
1029 3857 1106 3918 lieet,
1129 3857 1213 3908 veluti

63 3931 99 3986 tis
114 3939 141 3990 in
159 3949 256 3994 motum
275 3949 302 3994 et
318 3951 416 3995 statum
435 3945 485 3996 hoo
508 3945 650 3998 discrimen
671 3959 726 3996 non
752 3947 894 4006 convenit,
920 3945 954 3995 ei.
975 3945 1079 3995 Bouitn
1097 3943 1213 4010 Metaph.

63 4033 188 4088 mut
206 4045 232 4096 p.
246 4033 306 4082 4⁰8.
338 4030 436 4086 Contra
452 4047 506 4084 non
523 4033 685 4086 assumimur
703 4031 836 4096 limitato,
862 4032 933 4098 quod
952 4050 978 4100 p.
990 4035 1040 4084 407
1061 4031 1126 4082 dioit
1148 4032 1216 4084 islso

63 4105 100 4162 tie
114 4112 147 4166 sb
164 4118 307 4170 Aristotele
323 4118 452 4172 tudinium
478 4120 602 4172 morsis
627 4120 659 4170 de
682 4117 753 4174 bono
778 4125 805 4170 et
827 4119 898 4174 msto
922 4119 1064 4172 immisceri
1084 4118 1161 4170 rebus
1180 4121 1215 4172 iis

64 4201 182 4264 aquibus
202 4205 318 4256 alienum
340 4208 384 4260 sit.
420 4208 486 4259 Nam
509 4205 609 4260 bonnm
632 4204 703 4274 quod
729 4209 795 4258 dieit
813 4207 972 4260 Aristoteles
990 4221 1043 4258 non
1063 4213 1162 4256 tautum
1182 4205 1215 4257 sd

63 4297 136 4339 flores
154 4297 266 4358 spectat,
291 4309 381 4344 verum
400 4295 478 4346 etism
499 4293 691 4361 metaphysioa,
711 4303 741 4345 ut
760 4295 798 4344 ita
816 4297 954 4358 dicemus,
980 4296 1063 4344 utitur
1080 4293 1215 4360 signitica-

63 4369 132 4437 ΕΜ,
155 4381 216 4444 qaia
237 4381 368 4432 unissime
390 4381 511 4432 eoirseret
536 4397 596 4434 enus
615 4395 698 4434 esuaa
715 4381 799 4433 finali.
836 4384 924 4446 Atque
952 4383 984 4432 ds
1008 4381 1088 4432 buius
1112 4381 1216 4448 generis

64 4455 123 4512 b⁰⁸0
140 4463 182 4518 tis
199 4469 368 4534 eogitandnm
388 4477 436 4522 est.
