2950 5076
701 400 934 466 -110-

233 567 431 650 Alexander,
466 569 523 636 eed
558 570 628 634 aliis
663 573 758 640 aliam
794 595 867 638 curn
908 582 976 638 toto
1011 594 1082 638 eece
1113 572 1386 640 necessitudinem.

232 682 350 769 Neque
376 682 410 746 in
438 681 498 746 hec
528 682 760 748 sententiarum
789 682 997 748 cohaerentia
1030 675 1119 750 data
1154 683 1261 750 dicere
1294 683 1388 773 potuit

234 790 429 860 Aristoteles
453 791 486 856 in
510 792 751 858 enunciatione:
780 791 838 859 xci
866 786 953 860 δ’λλα
977 792 1083 874 οὕτως
1106 793 1195 862 ἔστιν
1218 784 1264 862 ὦν
1285 817 1387 860 κοινο-

233 909 284 970 ’νεῖ
309 898 459 983 ἅπαντα,
494 911 530 966 ut
558 901 757 990 significaret
790 927 842 970 ree
871 927 955 993 quae
990 917 1066 972 eunt
1094 908 1128 972 in
1157 905 1288 972 mundo.
1331 902 1388 970 Sed

233 1015 313 1082 haec
335 1011 467 1099 quidem
492 1011 569 1077 eatie
593 1013 664 1096 sint,
688 1014 836 1100 quamvis
860 1009 961 1080 mult'a
983 1026 1155 1104 praeterea
1170 1016 1234 1082 alia
1254 1015 1388 1103 proferre

233 1125 393 1214 possimus
417 1131 530 1190 contre
546 1122 781 1190 Alexandrum.
813 1125 889 1192 Non
911 1127 997 1192 enim
1013 1125 1158 1214 pluribus
1175 1149 1256 1214 opus
1273 1126 1389 1192 videtur

233 1258 304 1303 esee
328 1234 584 1300 adsentantium
613 1223 699 1302 illam
726 1235 941 1302 refutandam.
988 1235 1094 1316 Quam
1119 1236 1160 1304 ob
1184 1259 1312 1302 caueam
1332 1236 1389 1301 iarn

233 1343 479 1434 progrediamur
501 1344 541 1410 ad
565 1344 827 1433 Schweglerum,
851 1347 907 1435 qui
930 1345 1067 1412 eandem
1088 1355 1190 1434 atque
1214 1345 1390 1414 Alexander

233 1455 464 1524 sententiarum
487 1465 676 1522 contextum
695 1447 820 1542 etaluit3
845 1457 998 1545 quocirca
1013 1456 1115 1522 verba
1136 1456 1291 1544 distingui
1312 1455 1391 1522 iubet

234 1566 359 1634 ratione
383 1566 459 1630 hac:
482 1565 539 1634 καὶ
561 1560 622 1648 οὐχ
644 1563 752 1648 οὕτως
774 1566 841 1651 ἔχει
864 1563 950 1635 ὥστε
972 1565 1018 1656 μή
1044 1558 1131 1633 εἶναι
1155 1567 1293 1656 θατέρῳ
1314 1564 1390 1654 πρὸς

234 1673 382 1765 θάτερον
402 1675 521 1764 μηθέν,
546 1672 624 1744 ἀλλ’
649 1676 721 1746 ἐστι’
741 1703 784 1760 τι,
805 1678 893 1767 πρὸς
914 1678 1061 1764 μὲνγὰρ
1083 1676 1117 1746 ἕν
1133 1674 1269 1746 ἅπαντα
1291 1674 1389 1747 συντέ-

232 1809 366 1860 τακται·
398 1783 474 1856 ἀλλ’
500 1785 613 1877 ὥσπερ
641 1787 676 1857 ἐν
706 1786 796 1880 οἰκίᾳ
819 1796 889 1871 τοῖς
912 1787 1108 1878 ἐλευθέροις
1130 1785 1252 1878 ἥκιστα
1274 1787 1389 1870 ἔξεστιν

235 1899 308 1972 ὅτι
331 1897 441 1984 ἔτυχον
464 1904 592 1981 ποιεῖν,
618 1895 705 1970 oillei
728 1901 839 1970 πάντα
862 1896 883 1992 ἢ
906 1902 947 1968 τὰ
971 1902 1113 1970 πλεῖστα
1135 1899 1307 1985 τέτακται,
1329 1899 1390 1976 τοῖς

234 2013 273 2082 δὲ
296 2007 527 2106 ἀνδραπόδοις
549 2013 605 2078 καὶ
626 2018 697 2093 τοῖς
719 2011 856 2102 θηρίοις
877 2012 995 2100 μικρδν
1017 2012 1056 2080 τὸ
1078 2008 1127 2091 εἰς
1147 2012 1188 2080 τὰ
1212 2009 1336 2090 κοινόν,
1355 2006 1387 2076 τὸ

233 2125 273 2194 δὲ
294 2125 385 2192 πολὺ
407 2120 427 2192 δ’
448 2148 482 2190 τι
497 2120 608 2206 ἔτυχεν
623 2119 776 2212 (τοιαύτη
797 2125 859 2214 γὰρ
876 2122 1017 2192 ἑκάστου
1034 2119 1114 2212 ἀρχή
1133 2119 1243 2191 αὐτῶν
1259 2119 1277 2212 ἡ
1295 2116 1389 2214 φύσις

233 2235 333 2304 ἐστὶν.
365 2233 453 2321 λέγω,
478 2231 511 2301 δ’
543 2225 617 2302 οἶον
648 2232 698 2314 εἴς
724 2261 761 2322 γε
793 2237 832 2304 τὸ
861 2239 1086 2325 διακριθῆναι
1114 2229 1243 2324 ἀνάγκη
1270 2232 1389 2304 ἅπασιν

234 2345 379 2433 ἐλθεῖν),
408 2344 465 2412 ναὶ
492 2337 579 2413 ἄλλα
608 2343 715 2427 οὕτως
744 2343 835 2417 ἐστὶν
865 2337 910 2414 ὦν
938 2352 1093 2416 κοινωνεῖ
1119 2343 1257 2415 ἅπαντα
1285 2342 1332 2425 εἰς
1357 2340 1388 2407 vl

234 2456 323 2528 ὅλον.
368 2457 495 2524 Pariter
522 2457 623 2544 igitur
659 2468 757 2545 atque
785 2461 974 2528 Alexander
1003 2457 1268 2546 Aphrodisieneie
1300 2451 1390 2522 verba

234 2564 312 2636 ἀλλ’
337 2563 452 2652 ὥσπερ
475 2605 518 2614 --
538 2567 578 2636 cd
602 2569 641 2636 δὲ
663 2569 754 2636 πολὺ
777 2567 796 2637 ὅ
818 2596 852 2637 τι
880 2571 992 2655 ἔτυχεν
1021 2570 1166 2660 protasia
1196 2589 1266 2636 erae
1294 2563 1388 2640 sumit,

234 2681 324 2748 cuiue
354 2678 503 2766 epodosie
533 2681 736 2748 contineatur
765 2682 828 2748 his:
864 2682 921 2750 καὶ
954 2675 1043 2749 ἄλλα
1078 2679 1188 2761 οὕτως
1217 2676 1307 2747 ἐστίν
1331 2672 1387 2742 κτλ-

233 2793 345 2859 Verba
361 2802 468 2857 autem
486 2779 532 2858 ὦν
547 2787 684 2860 ἅπαντα
698 2793 883 2881 significare
899 2803 992 2882 putat
1011 2793 1096 2859 idem
1113 2802 1212 2880 atque
1227 2783 1250 2858 il
1266 2787 1388 2858 ἅπαντα

234 2914 333 2992 atque
356 2902 397 2968 ad
419 2908 574 2972 κοινωνεῖ
595 2905 729 2970 verbum
753 2905 861 2972 animo
877 2906 966 2970 addit
980 2897 1144 2992 ἀλλήλοις
1161 2902 1314 2985 dativum,
1335 2898 1388 2962 hac

235 3036 365 3104 quoque
386 3015 419 3081 in
443 3038 478 3081 re
500 2999 725 3082 Alexandrum
748 3026 895 3098 secutus,
928 3026 961 3082 et
982 3016 1216 3104 interpretatur
1238 3013 1341 3078 locum
1359 3005 1387 3070 in

235 3126 320 3192 huno
355 3127 423 3192 fere
455 3125 602 3192 modum:
647 3123 714 3192 Sed
749 3125 1022 3215 quemadmodum
1055 3126 1088 3192 in
1123 3115 1218 3192 domo
1250 3113 1387 3210 ingenuis
1443 3119 1444 3134 ¹

235 3237 368 3303 minime
397 3239 505 3304 facere
531 3237 608 3302 lieet
631 3238 718 3324 qnod
740 3237 845 3319 lubet,
875 3261 949 3304 oum
972 3237 1079 3304 omnia
1103 3246 1159 3302 aut
1181 3235 1333 3322 pleraque
1353 3222 1386 3288 iit

235 3350 300 3414 eint
329 3348 506 3434 descripta,
536 3357 650 3414 contra
678 3350 764 3413 servi
792 3357 826 3413 et
852 3349 1003 3414 animalia
1031 3347 1208 3412 domestica
1236 3363 1335 3432 pauca
1359 3333 1386 3396 in

234 3460 370 3526 salutem
399 3481 601 3526 communem
631 3460 753 3524 faciunt
780 3469 812 3525 et
839 3458 1030 3548 plerumque
1059 3457 1147 3545 quod
1177 3455 1313 3543 primum
1340 3443 1387 3512 ob·

235 3572 325 3637 venit
345 3570 425 3656 (tole
448 3569 532 3634 enim
554 3570 749 3658 principium
765 3593 824 3634 sua
839 3570 954 3658 cuique
971 3578 1020 3634 eet
1041 3578 1172 3650 natura3
1196 3565 1268 3632 dieo
1290 3571 1385 3630 autem

235 3682 343 3748 omnia
365 3690 576 3746 secernantur
597 3702 731 3746 neeesse
754 3701 826 3744 eeee
850 3702 904 3765 „ea
929 3691 1037 3744 mtteee
1061 3679 1140 3744 alles
1156 3701 1213 3743 zur
1229 3661 1386 3742 Aueeehei·
1442 3709 1443 3712 =

236 3791 325 3878 dung
347 3789 550 3876 kommen“):
575 3789 686 3856 eadem
709 3791 834 3856 ratione
858 3789 953 3859 etiam
976 3813 1028 3855 ree
1051 3789 1195 3877 reliquae
1218 3810 1253 3853 ee
1269 3781 1384 3851 habent,

236 3927 254 3969 e
283 3905 399 3992 quibua
427 3925 539 3968 omnen
571 3899 767 3989 participant
800 3923 912 3968 omnes
940 3899 972 3965 in
1001 3899 1139 3966 salutern
1168 3884 1385 3964 universitatis·

237 4015 330 4096 Quae
352 4016 385 4084 in
409 4012 640 4082 commentario
666 4011 809 4099 explicat
830 4012 890 4078 eie:
914 4009 1195 4090 Quemadmodum
1219 4010 1250 4074 in
1268 3988 1385 4072 δοιοοῖἱ

236 4129 353 4217 quibua
376 4125 521 4194 consistit
544 4123 633 4190 vario
656 4121 751 4188 modo
767 4123 807 4190 ad
823 4132 927 4188 totum
944 4119 1202 4188 conservandum
1220 4111 1384 4186 conferunt,

235 4239 350 4306 eadem
373 4239 496 4304 ratione
519 4257 570 4300 ree
593 4254 628 4298 se
651 4233 750 4300 habet
770 4233 803 4300 in
826 4231 962 4316 mundo,
984 4233 1017 4297 in
1042 4252 1105 4320 quo
1129 4229 1238 4298 omnia
1258 4232 1338 4296 inter
1356 4231 1385 4278 ιθ

235 4360 311 4416 eunt
332 4349 504 4416 coniuncta
527 4355 625 4434 atque
648 4365 774 4412 conexa
798 4343 839 4410 ad
862 4342 1065 4410 efficiendam
1089 4351 1121 4408 et
1144 4330 1384 4408 conservandom

235 4481 342 4528 rerum
365 4480 536 4526 summanr.
581 4454 746 4522 Intellexit
773 4465 880 4522 autem
905 4452 1149 4540 Schweglerue,
1177 4463 1214 4520 ut
1238 4433 1383 4518 cenanti*
