2966 5072
627 575 669 637 45

138 739 251 814 censet,
275 731 362 818 quod
384 735 589 817 prudentiam
610 741 808 829 (φρόνησιν),
831 761 898 826 qua
918 743 1077 827 sapientia
1091 765 1156 812 me·

136 835 193 904 lior
213 837 272 918 sit,
304 836 457 904 virtutem
484 840 548 906 dici
570 863 708 927 aequum
742 847 799 928 sit,
837 867 936 930 quum
965 854 1074 914 tamen
1100 849 1158 914 eli·

136 947 253 1024 quanto
284 947 373 1025 post,
408 948 445 1008 ut
473 943 700 1030 indicavimus,
734 949 938 1033 prudentiam
968 952 1158 1038 (φρόνησιν)

134 1045 285 1114 virtutem
312 1067 383 1113 esse
409 1049 554 1116 evincere
587 1051 718 1118 studeat
735 1053 807 1138 ¹⁰⁹).
853 1053 916 1119 Sed
941 1053 1022 1121 haec
1051 1055 1158 1122 hacte-

134 1171 208 1232 nus3
229 1150 332 1218 habes
354 1153 389 1217 in
410 1151 461 1219 his
481 1153 573 1220 libris
595 1155 804 1223 Aristotelem
825 1163 862 1222 ut
883 1159 1017 1243 ubique,
1040 1159 1159 1226 acutis·

134 1255 245 1321 simum
269 1261 303 1321 et
325 1257 360 1321 in
381 1277 490 1322 rerum
511 1259 697 1326 notionibus
717 1261 899 1346 aperiendis
921 1268 955 1328 et
973 1263 1160 1331 definiendis

135 1359 301 1445 diligentia
323 1363 638 1445 praestantissimum
659 1365 750 1431 illum
772 1366 914 1450 quidem,
948 1365 1006 1432 sed
1025 1367 1060 1432 in
1080 1365 1161 1451 ipsis

134 1465 302 1530 sententiis
324 1465 512 1532 ordinandis
535 1475 568 1534 et
597 1469 746 1552 aptandis
774 1471 841 1536 iere
868 1471 974 1554 minus
999 1470 1161 1538 interdum

136 1569 295 1634 crudosum
317 1577 351 1636 et
373 1571 690 1656 circumspicientem,
714 1575 808 1660 quale
830 1575 951 1659 aliquid
974 1575 1161 1660 plerumque

134 1673 190 1754 iis,
214 1673 271 1757 qui
293 1673 337 1740 ad
366 1695 548 1743 communes
577 1676 742 1744 hominum
777 1681 1031 1747 existimationes
1060 1678 1160 1746 disse·

135 1783 219 1856 runt,
242 1798 305 1842 usu
327 1779 436 1843 venire
459 1779 550 1846 solet.

198 1881 371 1966 Reliquum
392 1888 460 1964 est,
490 1889 527 1949 ut
549 1884 727 1966 videamus,
762 1883 802 1950 de
831 1883 949 1969 quibus
970 1882 1068 1950 rebus
1089 1885 1161 1950 Ari·

137 1987 269 2054 steteles
292 1989 416 2072 passim
438 2007 473 2053 se
494 1987 542 2053 ait
562 1989 597 2054 in
619 1988 814 2075 ἐξωτερικοῖς
836 1989 942 2068 λόγοις
964 1989 1160 2073 exposuisse,

137 2111 234 2158 eaeue
256 2092 292 2158 in
312 2089 363 2158 his
385 2090 478 2157 libris
500 2092 719 2158 inveniantur:
754 2113 833 2177 quas
856 2095 884 2159 si
905 2095 941 2160 in
961 2094 1001 2159 iis
1023 2093 1087 2179 legi
1109 2115 1161 2160 oo·

136 2194 356 2279 gnoverimus,
379 2193 486 2278 qualis
508 2215 567 2260 suo
589 2216 737 2280 quaeque
757 2196 829 2264 loco
851 2199 906 2263 res
927 2198 1090 2281 descripta
1101 2203 1161 2277 est,

137 2297 222 2365 haud
245 2298 395 2384 equidem
416 2303 533 2380 sciam,
562 2299 642 2384 quid
668 2300 790 2383 obstet,
821 2323 884 2386 quo
907 2303 1012 2369 minus
1033 2307 1163 2369 nostros

137 2401 247 2486 libros,
269 2402 332 2470 hoc
350 2408 411 2484 est,
433 2402 553 2488 Magne
573 2402 711 2470 Moradia
732 2404 936 2488 λξωσσροιοός
958 2405 1072 2485 λόγους
1093 2425 1164 2472 esse

134 2511 204 2594 jure
226 2508 458 2574 existimemus.
509 2509 618 2591 Atque
646 2528 758 2574 revera
784 2509 989 2575 inveniuntur
1020 2530 1079 2576 nec
1107 2507 1164 2575 ad·
1275 2515 1280 2525 “

137 2613 267 2680 modum
289 2611 419 2714 difficile
443 2613 548 2678 estid
571 2612 751 2679 ostendere.
795 2613 910 2698 Itaque
931 2614 1018 2681 locos
1031 2634 1163 2698 percen-

138 2737 281 2799 seamus,
315 2718 350 2782 in
378 2715 496 2801 quibus
525 2715 716 2784 Aristoteles
744 2716 881 2784 lectores
909 2718 948 2784 de
977 2739 1107 2804 quaque
1128 2737 1165 2786 re

11 2875 12 2892 t
139 2819 327 2890 consulendi
349 2841 447 2887 causa
468 2819 513 2886 ad
534 2820 738 2906 λξωωρικοός
759 2819 875 2902 λόγους
896 2822 1034 2908 deleget.

200 2925 333 2991 Primus
360 2923 470 2990 veniat
498 2923 588 2990 locus
617 2927 797 2990 Ettieomm
822 2929 940 2992 Νόσοοι.
960 2927 990 3009 Ι,
1025 2931 1079 3009 13,
1109 2927 1166 2995 ubi

140 3051 239 3115 quum
261 3027 497 3096 beatitudinem
517 3027 582 3094 vim
613 3028 777 3113 quandam
808 3030 907 3096 animi
939 3031 1091 3098 virtudem
1117 3054 1166 3098 ee-

137 3141 290 3220 qnentem
312 3133 447 3199 dixisset
468 3153 604 3218 eamque
624 3135 659 3200 in
680 3134 787 3200 animo
816 3135 956 3220 positam
977 3155 1048 3202 esse
1069 3136 1167 3219 signi·

137 3239 285 3320 deesset,
315 3258 389 3302 eum
412 3237 467 3320 qui
488 3238 532 3302 ad
552 3235 784 3322 rempublicam
804 3236 1093 3304 administrandum
1115 3257 1166 3304 ac·

138 3363 290 3410 cessurus
313 3340 365 3422 sit,
388 3361 487 3424 quum
508 3340 653 3408 homines
675 3339 777 3408 bonos
798 3347 832 3408 et
846 3340 971 3426 legibus
982 3341 1169 3408 obedientes

137 3447 265 3516 efficere
287 3443 365 3512 velit
375 3454 388 3526 ,⁸
405 3445 593 3529 cognovisse
613 3446 728 3525 etiam,
757 3465 840 3529 quae
869 3443 912 3512 ad
934 3446 1075 3511 animum
1096 3465 1168 3529 per·

135 3553 281 3634 tineent,
317 3555 466 3634 oportere
487 3555 596 3616 censet
619 3549 729 3615 eodem
751 3550 864 3633 modo,
896 3569 959 3634 quo
982 3549 1169 3634 quioculos

138 3675 255 3722 curare
277 3652 365 3734 velit,
387 3675 468 3737 opus
492 3653 535 3718 sit
556 3657 593 3718 ut
613 3652 733 3718 habeat
745 3653 846 3722 totius
863 3653 1008 3738 corporis
1018 3659 1170 3722 naturam

136 3765 352 3844 perspectam.
399 3759 578 3841 θεωρητέον
600 3756 658 3840 δη,
689 3758 795 3840 pergit
818 3758 845 3844 ᾖ.
870 3762 907 3840 8,
935 3763 991 3820 καὶ
1011 3763 1058 3844 up·
1076 3758 1171 3823 πσλι-

139 3865 216 3946 exegi
239 3863 314 3946 napi
336 3864 458 3948 ψυχῆς·
486 3861 668 3946 θεωρητέον
690 3857 727 3924 δὲ
757 3861 877 3926 τούτων
897 3861 1010 3946 χάριν,
1042 3863 1098 3922 καλ
1118 3859 1171 3946 ἐφ’
1202 3913 1211 3930 .

140 3965 219 4030 ὅσον
240 3963 362 4038 ἱκανοῖς
383 3965 445 4046 ἔχει
468 3964 551 4048 πρός
574 3967 612 4027 τό
636 3962 826 4048 ζητούμενα·
847 3965 882 4028 ed
904 3966 966 4049 γὰρ
989 3965 1044 4028 eu
1057 3964 1171 4031 πλεῖον

140 4067 335 4164 ἐξακριβοῦν
370 4067 600 4154 ἐργωδέστερον
635 4071 710 4144 ἴσως
742 4067 806 4133 ἐστὶ
838 4071 900 4132 τόν
940 4067 1170 4151 προκειμένων.

169 4203 353 4214 ο-,μᾲ-

217 4266 283 4336 roe)
300 4269 325 4329 ι,
344 4267 387 4318 as.
