2966 5072
650 483 693 546 25

160 653 247 714 certe
268 653 398 716 constat
419 646 544 732 aliquot
564 649 663 717 fuisse
685 648 888 734 disciplinas,
909 647 944 714 in
966 645 1084 729 quibus
1106 645 1183 729 quia

159 751 239 819 nibil
259 775 281 820 a
302 753 464 820 veteribus
486 755 527 820 ad
544 755 625 821 artis
639 755 785 840 regulam
804 753 1007 820 elaboratum
1022 750 1181 828 exstabat,

159 856 294 924 multum
327 858 356 924 ei
389 857 510 924 laboris
542 864 576 924 et
607 861 764 944 temporis
797 860 830 924 in
863 877 919 923 eas
956 854 1181 922 insumendum

157 961 270 1044 fuisse,
300 961 443 1028 velutin
465 961 665 1048 dialecticam
686 965 807 1048 ipsam,
840 979 922 1047 quae
944 977 1141 1044 quamquam
1161 979 1182 1024 a

158 1065 291 1132 o'ocrate
314 1069 347 1130 et
369 1063 505 1130 Platone
527 1085 651 1132 summo
673 1067 781 1133 studio
804 1067 983 1133 exercitata
1004 1072 1038 1133 et
1055 1065 1183 1132 exculta

156 1174 243 1249 erat,
276 1176 405 1236 tantum
425 1176 534 1236 tomen
557 1169 688 1252 aberat,
721 1176 759 1236 ιιι
792 1174 860 1256 ejus
891 1171 974 1237 artis
996 1171 1049 1235 via
1071 1169 1181 1254 aliqua

156 1272 206 1338 vel
240 1275 325 1340 ratio
357 1279 460 1354 esset,
501 1278 539 1339 ιιι
576 1272 671 1357 plane
707 1274 764 1340 illa
793 1274 961 1341 Aristoteli
995 1274 1182 1358 quaerenda

155 1384 241 1442 esset
252 1377 307 1462 ⁵⁴).
353 1377 390 1444 ln
412 1399 475 1461 quo
498 1376 626 1461 negotio
644 1381 797 1460 poterant
811 1399 883 1444 eum
897 1377 1051 1465 adjuvare
1062 1377 1182 1462 dialogi

155 1480 319 1562 Platonis,
348 1501 429 1564 quos
451 1480 553 1564 mags
576 1479 729 1546 credibile
757 1486 807 1547 est
828 1481 927 1548 duces
949 1482 980 1548 ei
1005 1482 1087 1548 artis
1108 1503 1182 1548 con·

155 1583 330 1650 struendae
351 1585 468 1664 fuisse,
499 1604 598 1668 quam
618 1585 722 1668 ipsum
747 1605 802 1652 eos
824 1586 946 1652 imitari
967 1585 1115 1654 voluisse.

223 1687 315 1765 Quae
336 1709 408 1754 cum
428 1689 478 1754 ita
499 1689 574 1770 sint,
596 1689 804 1758 Aristotelem
830 1692 859 1756 si
887 1692 1017 1758 omnino
1045 1691 1181 1775 aliquos,

158 1797 246 1856 certe
278 1809 399 1875 paucos
430 1791 574 1876 dialogos
613 1794 781 1877 scripsisse
809 1794 983 1860 admodum
1011 1795 1182 1862 verisimile

158 1901 219 1977 est,
241 1916 361 1980 eosque
383 1897 411 1962 si
432 1897 589 1983 conjicere
610 1897 695 1978 licet,
718 1898 849 1982 scripsit
863 1899 1058 1981 adolescens,
1082 1909 1181 1984 quum

158 2001 319 2082 nondum,
354 1999 431 2086 quid
451 2000 513 2066 sibi
535 2001 696 2086 agendum
717 2007 818 2084 esset,
851 2005 932 2070 satis
954 2006 1181 2088 perspexisset.

159 2103 203 2170 Et
225 2123 338 2170 revera
366 2105 453 2172 inter
475 2107 544 2189 ejus
566 2107 688 2190 scripta
715 2127 821 2191 pauca
841 2112 970 2174 tautum
991 2130 1181 2177 commemo·

159 2215 283 2290 rantur,
305 2207 340 2274 in
361 2207 479 2292 quibus
501 2231 560 2294 per
582 2209 745 2294 dialogum
764 2233 837 2276 eum
852 2211 1043 2280 disseruisse
1057 2213 1181 2280 credas.

159 2312 224 2378 Sed
244 2312 377 2396 quinam
399 2312 485 2380 inter
506 2314 625 2381 multos
648 2318 716 2400 ejus
737 2316 856 2399 libros,
889 2336 1026 2402 quorsum
1046 2319 1182 2403 inscrip-

157 2417 264 2482 tiones
286 2415 492 2484 auctoribus
513 2419 705 2502 traduntur,
736 2419 780 2486 ad
800 2420 889 2487 istud
910 2421 1109 2507 dialogorum
1128 2443 1181 2508 ge·

158 2545 219 2590 nus
241 2522 402 2590 referendi
425 2523 506 2604 sint,
528 2543 629 2607 quum
651 2523 691 2590 de
712 2543 753 2590 ea
773 2545 810 2590 re
832 2511 975 2592 veterum
996 2527 1182 2604 testimonia

157 2649 262 2714 pauca
283 2628 333 2694 rel
354 2627 446 2694 nulla
467 2632 595 2694 exstent
623 2634 657 2694 et
677 2627 771 2694 multi
791 2633 860 2716 eJus
880 2629 1037 2698 librorum
1057 2637 1181 2716 tempo·

158 2733 204 2798 ris
225 2733 345 2818 injuria
365 2732 565 2813 interierint,
598 2731 652 2798 vix
672 2753 825 2817 umquam
846 2735 926 2800 satis
952 2733 995 2800 ad
1023 2734 1181 2819 liquidum

160 2837 292 2922 perduci
314 2836 445 2919 poterit.
488 2835 578 2901 Inter
600 2855 655 2902 eos
677 2836 759 2902 duos
779 2836 927 2920 inprimis
946 2839 1034 2922 apud
1055 2845 1181 2905 veteres

157 2941 331 3008 memorari
353 2941 400 3007 ait
424 2938 585 3024 Bulle⁵⁵),
608 2942 812 3024 Npprvdov
832 2940 970 3008 alterum
990 2943 1181 3027 inscriptum

157 3047 237 3132 (sive
269 3044 538 3130 Κορίνθιον),
572 3042 711 3110 alterum
744 3047 928 3127 dammum,
962 3045 996 3110 in
1025 3044 1179 3112 honorem

156 3149 293 3216 Eudemi
315 3149 425 3235 Cyprii
446 3148 675 3234 mmposim,
708 3148 749 3214 de
776 3149 893 3233 quibus
926 3169 1000 3215 eum
1029 3148 1177 3216 consulas

154 3255 259 3322 salim.

523 3436 817 3448 Μ

240 3643 437 3710 Referuntur
458 3645 643 3714 Aristotelis
665 3643 783 3734 dialogi
798 3646 841 3714 ab
860 3649 928 3733 ejus
947 3645 1178 3730 interpretibus

153 3749 241 3814 inter
263 3767 303 3813 ea
322 3749 452 3832 scripta,
475 3769 558 3833 quae
572 3749 667 3835 vulgo
681 3751 858 3837 ἐξωτερικαὶ
879 3751 969 3832 λόγοι
985 3750 1048 3816 dici
1063 3749 1175 3830 solent.

152 3851 217 3918 Sed
238 3852 372 3935 quinam
394 3851 441 3919 illi
462 3851 525 3936 ipsi
546 3852 723 3938 ἒξωπρικοί
745 3853 834 3935 λόγοι
856 3854 993 3934 fuerint,
1024 3852 1175 3938 quoniam

151 4033 360 4042 ———-.—

216 4133 753 4202 5⁴)c0s0pumrmmaaaao.
829 4158 834 4169 ·

221 4223 271 4291 ss)
291 4225 315 4276 u.
335 4237 356 4276 ι
374 4237 398 4288 ρ.
420 4221 479 4284 ιιι,
498 4231 578 4278 ma.
598 4225 623 4277 1.
