2934 5076
603 489 643 548 aa

123 669 190 714 snos
211 649 354 718 homines
377 673 436 718 neo
456 652 653 735 posteriores
674 652 708 716 in
738 670 849 716 earum
879 668 986 712 rerum
1010 647 1137 728 ignora·

122 753 202 818 tione
242 757 378 836 versari,
419 777 499 840 quas
536 756 657 822 nescire
695 752 947 820 eruditissimum
981 769 1139 834 quemque

122 857 335 940 turpissimum
346 865 440 926 esset.
484 860 557 926 «lam
571 859 657 943 quod
669 877 860 942 quacunque
875 877 911 920 re
924 858 1043 938 posset,
1065 874 1138 935 pro·

29 963 30 974 ’
122 959 206 1026 desse
237 963 337 1030 voluit
364 965 645 1048 quamplurimis,
670 958 1029 1048 sepraestitittalem‚
1060 977 1137 1041 qua·

122 1061 176 1128 leni
195 1069 284 1150 justa
313 1067 409 1136 laude
438 1059 645 1152 prosequare.
689 1066 822 1134 Accedit
855 1061 942 1148 quod
968 1067 1140 1145 praeterea
1261 1106 1266 1114 -

122 1166 251 1248 plurimu
287 1194 346 1238 nos
374 1173 497 1254 docuit,
527 1193 611 1257 qnae
641 1172 718 1256 quia
745 1170 865 1250 fontes,
901 1167 987 1234 unde
1016 1165 1140 1232 hauriri

122 1281 260 1354 possent,
302 1283 517 1358 evanuerunt,
561 1277 685 1343 frustra
718 1275 801 1341 scire
831 1271 999 1356 cupiveris.
1049 1270 1138 1348 Quae

121 1397 212 1460 quum
234 1380 280 1444 itu
302 1382 377 1462 sint,
400 1402 503 1460 nemo,
527 1382 651 1465 opinor,
675 1380 723 1444 ita
744 1379 779 1443 in
800 1399 873 1442 eum
894 1376 1041 1460 ingratus
1064 1375 1136 1454 erit,

121 1487 153 1546 ut
173 1490 252 1566 quot
281 1488 350 1570 ejus
381 1493 566 1571 quantaque
595 1487 629 1552 in
656 1481 892 1571 philosophiam
921 1482 1037 1546 merita
1063 1481 1138 1560 sint,

122 1607 255 1671 nuquam
277 1610 317 1656 ex
338 1591 495 1658 memoria
515 1590 674 1674 deponere
696 1588 783 1654 velit.
825 1585 951 1652 Horum
968 1589 1077 1650 sutem
1098 1583 1139 1648 de

123 1689 318 1776 philosophia
354 1695 544 1761 meritorum
584 1693 677 1760 nobis
704 1691 835 1776 quidem
870 1709 1060 1774 persuasum
1088 1693 1139 1752 est

123 1796 325 1880 principalem
358 1817 490 1867 causam
526 1797 626 1864 fuisse
663 1797 873 1860 Aristotelian
909 1813 1037 1871 morem,
1083 1791 1140 1874 qui

123 1920 187 1964 cnm
209 1921 274 1966 non
296 1901 392 1968 modo
419 1902 523 1987 coegit
552 1903 586 1968 in
616 1919 744 1985 quaque
776 1918 813 1964 re
840 1894 1013 1962 tractanda
1040 1914 1138 1978 quam

124 2005 393 2070 accuratissimum
422 2026 492 2070 esse
522 2011 555 2070 et
588 2025 661 2072 cum
689 2001 859 2088 diligentia
887 1999 1010 2068 versari
1040 2019 1140 2083 quam

124 2110 264 2189 maxima,
288 2109 346 2174 sed
368 2110 464 2176 etiam
488 2110 516 2174 si
538 2131 603 2175 non
624 2109 775 2189 omnium,
798 2111 834 2172 at
855 2105 1067 2190 pltuimorum
1088 2110 1137 2168 ta-

123 2231 197 2294 nen,
220 2213 276 2296 qui
297 2219 331 2278 et
352 2219 422 2278 tum
444 2220 478 2279 et
499 2219 595 2280 antea
614 2213 775 2280 florebant
786 2209 1051 2296 philosophorum
1064 2209 1137 2275 doc-

123 2316 216 2384 trinas
238 2316 399 2401 explicare
421 2318 592 2401 sternique
620 2337 732 2384 earum
758 2337 867 2384 rerum
897 2314 1043 2384 studioso
1071 2321 1137 2381 tra·

124 2417 191 2486 dore
211 2442 327 2506 passus
349 2428 409 2488 est.

180 2527 236 2606 At,
259 2525 388 2606 dixeris,
411 2545 495 2609 quae
507 2525 646 2608 scripsit,
669 2522 949 2610 o’ndrpapasunt.
994 2523 1139 2590 Etreote

123 2629 242 2710 quidem
264 2635 298 2694 et
318 2635 454 2713 propter
474 2629 508 2694 id
528 2630 635 2712 ipsum
657 2650 696 2696 eo
717 2628 820 2712 pluris
843 2634 919 2696 sunt
933 2627 1028 2696 uobis
1042 2629 1139 2694 sesti·

124 2732 240 2814 manda,
263 2755 327 2818 quo
339 2737 503 2818 majorem,
527 2733 556 2798 si
577 2729 760 2818 ἄπόγριιφα
774 2737 902 2800 tantum
920 2737 1005 2814 sunt,
1028 2752 1140 2798 earum

124 2857 344 2922 rerumquae
367 2837 543 2918 continent,
576 2835 673 2902 fidem
693 2835 798 2902 iacere
824 2841 970 2920 possunt.
1018 2836 1139 2902 Verum

124 2941 276 3008 enimvero
298 2941 327 3008 is
348 2962 419 3006 mos
440 2946 492 3007 est
505 2939 670 3008 hominum
685 2938 906 3024 plurimorum,
928 2978 973 2990 -
993 2941 1139 3008 remotis·

124 3045 213 3114 simus
234 3067 313 3112 sane
335 3045 377 3112 ab
398 3045 463 3111 isto
479 3043 669 3110 Aristotelio
690 3083 735 3094 -
758 3050 794 3110 ut
816 3045 934 3130 quibus
952 3045 1016 3128 ipsi
1036 3044 1138 3110 multo
1268 3111 1276 3125 ‚

124 3150 279 3218 insaniores
302 3157 393 3231 sunt,
424 3171 537 3216 corum
566 3149 606 3215 de
632 3149 721 3214 fama
741 3150 862 3216 stolida
883 3149 1071 3232 arrogantia
1087 3151 1138 3232 ju-

124 3251 221 3322 dicent
242 3261 276 3322 et
298 3253 492 3336 detrahant,
526 3253 620 3337 quasi
648 3275 741 3334 vero,
771 3253 847 3320 dum
869 3253 1004 3320 alterius
1025 3251 1137 3318 laudes

123 3364 289 3426 extenuant
311 3363 344 3424 et
364 3363 529 3442 tamquam
551 3357 716 3424 nitedulas
737 3358 908 3435 arrodunt,
931 3357 994 3442 ipsi
1015 3356 1137 3442 aliquid

123 3461 234 3540 dariae
255 3461 595 3547 consequantur²¹⁶.).

179 3571 347 3654 Reliquum
377 3577 447 3652 est,
481 3577 518 3636 ut
551 3569 663 3652 paucis
694 3567 800 3634 verbis
836 3570 1033 3650 attingamus
1067 3587 1138 3631 eam

123 3677 350 3758 quaestionem,
373 3673 413 3738 de
436 3693 502 3757 qua
523 3674 608 3737 inter
629 3673 715 3737 viros
738 3671 850 3737 doctos
873 3689 990 3756 magna
1012 3677 1138 3735 contro·

123 3781 219 3844 versis
240 3785 305 3860 est,
340 3797 423 3862 qnae
446 3775 610 3842 Ciceronis
633 3775 735 3858 ipsius
758 3776 917 3840 sententia
947 3776 1006 3854 sit,
1041 3793 1138 3856 quum

123 3883 149 3947 io
170 3883 243 3949 istis
263 3883 461 3949 diversarum
483 3879 759 3966 philosophiarum
783 3879 950 3946 sententiis
981 3875 1139 3962 explican-

122 3985 167 4054 dis
188 3989 251 4054 isto
272 4010 335 4074 qno
365 3985 503 4052 diximus
534 3983 630 4051 modo
660 3985 694 4052 iu
723 3990 894 4070 utramque
926 3989 1052 4068 partem
1075 3981 1139 4046 dis·

129 4143 320 4158 *m

190 4215 274 4287 lton)
290 4219 351 4270 llaec
369 4219 417 4268 sint
436 4217 585 4268 llornmsooio
603 4212 675 4266 dicul
