2996 5082
684 413 727 484 65

136 613 256 692 scriptis
278 611 357 672 haud
381 633 447 676 raro
472 611 656 684 adhibeatur,
689 612 770 672 nullo
806 613 871 673 loco
901 607 987 692 εἴπερ
1007 632 1042 692 γε
1062 615 1186 674 inveniri
1210 611 1267 676 uisi

137 713 271 794 Metaph.
306 713 397 778 1071.
428 715 456 778 b.
480 713 538 776 22:
574 707 695 786 ἀϊδίους
722 706 784 793 peip
804 711 860 784 δεῖ,
899 711 983 793 εἴπερ
1003 713 1109 793 γεκαὶ
1131 708 1214 774 ἄλλο
1235 737 1269 776 τι

137 805 256 890 dium,
290 814 342 878 sed
375 837 442 877 cum
477 837 512 876 eo
534 818 597 877 locu
620 811 654 893 γε’
675 818 707 877 in
735 811 844 896 optimo
869 799 972 892 codice
987 799 1039 878 'Ab
1063 827 1092 902 ot
1113 817 1216 878 codice
1239 819 1268 878 T

136 937 197 977 non
223 919 291 978 insit
312 917 471 980 delendum
506 928 560 978 est.
604 919 718 979 Rursus
742 920 832 994 igitur
853 929 986 999 apparet,
1022 921 1102 1001 quod
1119 915 1267 998 j'am'rae
1353 977 1357 986 .

135 1019 206 1099 pius
225 1019 363 1092 vidimus,
385 1040 486 1082 veram
509 1021 674 1094 lectionem,
696 1041 761 1082 cum
783 1023 951 1082 inveniatur
972 1023 1001 1081 in
1026 1023 1136 1104 optimo
1158 1021 1270 1094 codice,

135 1121 176 1182 ab
197 1119 361 1184 editoribus
383 1143 443 1182 non
466 1135 616 1203 receptam
641 1143 717 1198 esee.
761 1115 847 1180 Ἀλλ’
869 1105 966 1206 circsp,
990 1126 1028 1188 cl.
1044 1123 1207 1188 Fritzscho.
1230 1123 1269 1184 ad

134 1221 210 1286 Bru.
237 1223 328 1288 1155.
353 1225 382 1287 b.
406 1223 457 1301 30,
483 1245 574 1304 caepe
595 1225 725 1305 elliptice
748 1227 812 1286 sine
843 1227 934 1288 verbo
958 1227 1123 1300 adhibetur,
1156 1248 1184 1288 v.
1207 1227 1270 1288 lle·

133 1325 218 1404 tuph.
248 1325 336 1390 1044.
360 1345 388 1386 a.
410 1325 531 1392 9-ll:
553 1325 606 1384 καὶ
632 1316 831 1407 oionsp'oc'di
853 1322 871 1384 ὁ
893 1322 1025 1407 ἀριθμὸς
1045 1331 1105 1408 ἔχει
1123 1320 1164 1386 τὸ
1187 1327 1266 1406 μάλ·
1360 1405 1368 1410 ,
1437 1387 1444 1397 .

135 1425 198 1484 λον
214 1417 392 1504 recidetur,
418 1421 482 1486 odd
507 1425 524 1498 ἡ
545 1422 632 1486 κατά
654 1422 695 1487 τὸ
711 1425 792 1500 εἶδος
813 1421 921 1508 οὐσία,
944 1421 1014 1488 ἀλλ’
1034 1426 1130 1509 εἴπερ,
1154 1425 1267 1508 lund

132 1519 192 1598 τῆς
215 1517 296 1600 ὕλης.
340 1530 412 1594 992.
436 1531 466 1593 b.
489 1530 540 1606 22,
567 1531 659 1596 1055.
685 1533 712 1595 b.
737 1532 782 1606 10,
810 1530 900 1596 1070.
923 1553 950 1592 a.
976 1531 1027 1596 17.
1070 1526 1149 1590 Ἐάν
1171 1543 1200 1594 et
1224 1522 1267 1590 ἄν

132 1629 323 1712 (saepissime
347 1625 421 1714 κᾶν)
445 1653 511 1692 cum
533 1634 687 1714 permultis
710 1635 782 1694 locis
804 1635 1001 1705 inveniantur,
1038 1625 1076 1703 ἥν
1098 1633 1178 1694 nullo
1201 1635 1265 1694 loco

6 1755 7 1764 ¹
132 1735 165 1792 in
202 1735 319 1814 optimis
351 1735 501 1796 codicibus
534 1737 611 1810 insit,
645 1737 736 1796 miror
770 1735 901 1796 editores
934 1737 1047 1798 Poetic.
1076 1734 1168 1798 1457.
1193 1756 1220 1797 a.
1244 1733 1266 1798 3

130 1845 240 1896 conus
272 1839 475 1898 auctoritatem
517 1837 626 1898 codicis
658 1839 704 1898 Ae
740 1827 775 1906 ἣν
810 1827 850 1916 μὴ
881 1830 1027 1918 ἁρμόττῃ
1042 1827 1046 1834 ’
1061 1838 1214 1918 scripsisse
1225 1839 1264 1912 *).
1348 1905 1363 1920 ·

132 1937 237 2000 Etbic.
259 1936 352 2004 1167.
375 1939 403 2000 b.
427 1938 469 2004 33
492 1961 546 2020 per
567 1941 784 2001 anacolutbiam
818 1940 967 2020 quandam
998 1950 1063 2020 post
1088 1940 1264 2020 particulam
1394 1987 1401 2000 .

131 2032 192 2096 ἐάν
214 2040 375 2102 secundum
395 2063 480 2102 usum
502 2043 656 2120 vulgarem
673 2062 739 2103 cum
754 2044 940 2120 conjunctivo
962 2049 1160 2102 constructam
1183 2051 1264 2121 opta·

120 2143 215 2211 ,rivus
238 2162 305 2202 cum
327 2135 369 2200 civ
391 2146 538 2225 seqnitur:
568 2145 597 2201 oi
622 2135 650 2202 δ’
672 2133 705 2202 εὖ
730 2134 935 2216 πεποιηκότες
956 2143 1086 2224 φιλοῦσι
1109 2140 1162 2200 καὶ
1184 2136 1264 2220 αἶγα-

131 2233 221 2302 accior
245 2237 320 2314 τούς
342 2237 561 2317 πεπονθότας,
581 2235 641 2306 κᾶν
663 2241 762 2330 posia
785 2229 843 2304 sios
857 2239 1001 2326 χρήσιμοι
1022 2240 1090 2326 μηδ’
1111 2244 1152 2315 εἰς
1173 2234 1265 2333 dors-

130 2335 191 2426 por}
213 2337 343 2424 γένοιντ’
375 2339 425 2422 ἄν,
459 2347 497 2408 ci.
523 2369 560 2409 oa
581 2369 658 2430 quoe
678 2347 860 2410 Fritascbins
885 2349 915 2408 in
938 2349 1068 2409 editione
1081 2387 1084 2396 ·
1099 2347 1136 2406 ud
1168 2350 1264 2408 locum

129 2447 343 2528 explicandum
379 2451 472 2512 affert.
518 2443 632 2531 ἐάνπερ
667 2473 726 2512 non
760 2472 849 2531 saepe
881 2452 1039 2524 invenitur,
1074 2451 1113 2515 cf.
1142 2451 1263 2510 libetur.

132 2549 227 2612 1417.
255 2551 281 2609 b.
306 2548 356 2626 13,
381 2553 470 2614 Polit.
499 2552 588 2617 1313.
611 2575 638 2614 a
660 2553 690 2626 4,
713 2555 843 2632 Metaplr.
870 2553 961 2616 1003.
987 2575 1014 2616 a
1043 2553 1091 2628 16,
1116 2553 1208 2618 1038.
1235 2573 1262 2616 a.

129 2653 181 2728 13,
207 2652 301 2732 Phys.
325 2653 398 2718 215.
423 2675 450 2714 a.
474 2654 503 2726 2,
524 2656 596 2722 218.
623 2677 650 2718 a.
675 2655 707 2717 4.

576 3403 685 3506 Gap.
713 3383 813 3486 vn'.
866 3427 871 3436 ·
976 3531 979 3538 Ι

479 3573 518 3638 se
539 3574 686 3656 μηιιιιι.
708 3575 920 3658 uapor-tri...

215 3761 265 3821 De
280 3761 433 3842 particulis
449 3761 660 3842 temporalibus
675 3783 741 3824 cum
756 3762 795 3823 de
810 3761 883 3843 πρίν
905 3783 974 3844 pcg.
991 3761 1076 3830 5-8
1096 3763 1258 3827 viderimus

123 3883 227 3948 pauca
259 3864 364 3924 afferre
398 3865 471 3924 satis
503 3867 570 3932 erit,
613 3865 745 3926 Primum
778 3865 940 3946 particulas
969 3859 1033 3940 ἕως,
1066 3865 1150 3938 ἔστι,
1173 3857 1258 3946 ἄχρι,

122 3963 216 4050 μέχρι
239 3965 381 4026 humabo.
425 3959 479 4036 eisc
500 3987 564 4028 cum
588 3969 728 4046 genitivo,
750 3967 829 4048 quod
852 3967 930 4048 apud
953 3969 1111 4048 scriptores
1130 3967 1258 4048 optimos

124 4119 335 4134 —a—-ffl—

194 4205 221 4270 ¹⁸¹)
240 4201 331 4254 Lectio
350 4201 515 4264 codicione,
545 4201 578 4253 de
607 4217 659 4267 quo
686 4201 719 4254 ci.
743 4203 883 4254 Susemihl.
910 4204 991 4272 praei.
1019 4203 1051 4254 cd
1079 4201 1143 4256 odit.
1161 4203 1260 4256 Poctic.
1287 4165 1290 4174 Δ

121 4309 186 4362 pag.
207 4287 258 4338 Vl:
282 4277 312 4350 ξι·
332 4281 369 4354 μὴ
389 4283 520 4362 ἁρμόττει
538 4289 674 4338 retinenda
694 4299 740 4340 cst.

1038 4392 1053 4442 7
1130 4443 1133 4450 .
