2870 5076
678 371 885 436 ..72-

286 548 429 614 Mentem
458 545 636 610 seiunctum
667 542 744 630 quid
774 565 844 608 esee
873 553 904 608 et
934 543 1018 630 quod
1047 565 1105 632 per
1133 565 1169 606 se
1196 538 1341 620 consistat,

201 658 328 748 saepius
357 655 435 720 dicit
465 655 666 734 Aristoteles,
696 653 915 718 demonstrare
944 653 1065 736 studet,
1094 651 1121 716 si
1150 643 1225 740 quid
1251 650 1341 728 video,

203 770 242 834 de
266 767 363 832 anim.
388 765 459 846 III,
487 765 518 828 4.
546 763 801 850 429b10seqq.
848 765 955 828 Antea
983 762 1023 828 de
1052 772 1161 828 mente
1190 763 1286 827 verba
1310 761 1343 823 ita

201 857 332 956 fecerat,
352 886 396 970 'ut
419 875 616 962 aliquantum
641 873 855 962 similitudinis
871 874 900 940 ei
921 884 1006 939 esset
1029 897 1101 938 cum
1124 871 1283 951 sensitivq
1302 869 1344 934 hic

203 987 288 1052 aliud
314 987 389 1074 quid
416 1006 485 1048 esee
509 1007 572 1071 quo
595 1006 647 1048 res
668 985 770 1071 ipsas,
797 985 882 1049 aliud
911 1006 973 1071 quo
1004 1007 1115 1051 corum
1142 983 1288 1050 notiones
1304 1002 1346 1044 co·

203 1121 398 1185 gnoscamus
423 1105 455 1160 et
476 1094 670 1177 iudicemus,
694 1094 814 1160 statuit.
860 1095 1119 1162 Fundamentum
1142 1103 1248 1160 autern
1271 1115 1347 1177 argn-

203 1205 409 1274 mentationis
440 1204 558 1292 repetit
582 1226 729 1270 ererum
760 1215 980 1271 concretarum
1007 1215 1040 1271 et
1068 1204 1235 1271 notionum
1263 1202 1349 1267 diver·

203 1318 307 1396 ritate,
330 1318 375 1381 ita
397 1326 432 1381 ut
449 1302 600 1380 ¹servetur
623 1315 677 1380 via
699 1338 737 1380 ac
761 1316 843 1380 ratio
867 1339 962 1402 quam
985 1316 1137 1403 proponit
1152 1314 1192 1378 de
1208 1313 1295 1388 anim.
1311 1311 1348 1391 II,

202 1429 233 1492 4.
256 1427 511 1514 415a16seqq.
525 1426 561 1507 ¹).
609 1423 723 1510 „Cum
745 1426 875 1502 vero,“
906 1426 1019 1514 inquit,
1045 1423 1284 1512 „aliudquid
1304 1423 1349 1487 ait

205 1536 407 1626 quantitas
437 1547 474 1601 et
501 1533 608 1600 notio
637 1534 872 1622 quantitatis
901 1547 1018 1624 atque
1050 1558 1153 1624 aqua
1187 1544 1227 1615 et¹
1252 1532 1349 1598 notio

206 1669 329 1735 aquae
352 1646 420 1734 (sio
443 1655 571 1710 autem
596 1645 712 1710 etiam
738 1645 775 1710 in
802 1647 935 1713 multis
963 1646 1055 1712 aliie
1082 1643 1349 1722 rescensebat,

204 1765 334 1822 tamen
367 1779 442 1822 non
474 1755 512 1820 in
547 1755 739 1838 omnibus,
779 1757 815 1822 in
856 1755 1058 1823 nonnullis
1093 1757 1194 1823 enim
1224 1777 1288 1820 rea
1319 1759 1351 1816 at

207 1868 317 1934 notio
341 1867 426 1934 aius
451 1867 554 1932 inter
577 1888 615 1930 se
643 1888 717 1931 non
746 1865 969 1952 differunt),
1000 1867 1133 1933 carnis
1161 1866 1348 1932 notionem

206 1987 245 2044 et
267 2001 420 2044 earnem
443 1987 507 2042 aut
529 1977 606 2044 alio
630 1985 696 2042 aut
719 1999 764 2043 eo
789 1975 890 2064 quod
906 1977 1237 2070 alitereehabeat
1253 1997 1350 2042 mena

159 2119 161 2126 v
205 2087 370 2168 iudicat,
392 2083 416 2177 ἢ
440 2082 531 2176 utto
553 2081 576 2174 ἢ
599 2078 709 2166 ἄλλως
732 2081 840 2168 ἔχοντι
861 2084 974 2173 κρίνει,
1004 2088 1033 2152 h.
1050 2110 1079 2153 e.
1103 2097 1159 2153 aut
1181 2096 1272 2178 parta
1292 2085 1350 2150 eive

208 2200 360 2265 facultate
389 2202 451 2265 alia
479 2209 535 2265 aut
558 2198 684 2280 eadem,
710 2197 756 2261 ita
786 2208 909 2280 tamen,
937 2207 973 2264 ut
1000 2198 1092 2263 aliter
1114 2220 1149 2262 se
1173 2198 1287 2262 habeat
1305 2192 1351 2260 ubi

104 2326 107 2334 “
206 2331 350 2390 carnem,
379 2310 471 2375 aliter
498 2309 551 2374 ubi
582 2309 648 2373 eius
675 2309 837 2374 notionem
862 2307 1007 2396 percipit.
1052 2307 1148 2373 Nam
1176 2331 1266 2373 caro
1287 2329 1350 2372 noo

207 2419 371 2484 estsine
395 2419 579 2501 materia,
611 2418 675 2483 sed
699 2419 853 2506 pariter
881 2429 997 2506 atque
1025 2441 1161 2484 cavum
1195 2417 1298 2506 qnod
1317 2416 1349 2480 in

206 2529 373 2594 naribus
397 2527 591 2610 cernitur,
620 2529 749 2595 hocin
772 2529 859 2612 hoc,
882 2524 961 2597 adda
983 2517 1238 2617 a‘raqida‚'h.e.
1261 2531 1353 2594 forma

208 2663 279 2704 cum
310 2641 444 2705 materia
472 2639 652 2707 coniuncta.
681 2638 720 2708 τὸ
743 2635 843 2724 σιμόν
872 2664 977 2706 rerum
1008 2652 1229 2706 concretarum
1258 2661 1353 2704 exem-

207 2748 295 2837 plum
320 2760 369 2815 est
384 2751 549 2817 Aristoteli
573 2751 744 2818 admodum
761 2753 923 2835 usitatum,
948 2761 1060 2818 contra
1078 2750 1244 2818 τὸκοῖλον
1261 2773 1354 2816 exem-

207 2861 294 2947 plum
312 2871 361 2926 eet
376 2862 499 2926 formae
516 2865 650 2934 materia
665 2864 826 2942 immunis,
851 2865 890 2929 cf.
906 2865 982 2928 Met.
995 2863 1034 2944 E,
1053 2866 1081 2927 1.
1097 2863 1177 2927 1025
1188 2863 1210 2927 b
1222 2863 1353 2948 30saqq.

209 2970 420 3036 Seneitivo
447 2972 572 3058 igitur
600 2974 778 3039 calidum
809 2985 848 3038 et
877 2973 1074 3059 frigidum
1108 2973 1293 3060 percipit
1317 2991 1354 3034 aa

206 3078 363 3146 iudicat
385 3091 421 3146 ot
444 3105 602 3169 quorum
628 3083 766 3171 aliqua
788 3085 892 3149 ratio
909 3095 1087 3166 estcaro,
1112 3094 1250 3148 contra
1272 3080 1355 3160 alio,

209 3200 276 3255 aut
298 3191 486 3258 seiuncto
510 3205 679 3284 quolaut
701 3199 753 3281 (eo
777 3194 863 3282 quod
892 3197 937 3260 ita
960 3195 1045 3260 aliud
1069 3193 1142 3282 ost),
1173 3190 1356 3280 quemad·

209 3302 361 3366 modum
398 3302 507 3368 linea
543 3303 709 3370 inflexa
748 3330 787 3370 se
824 3307 947 3372 habet
981 3306 1027 3371 ad
1060 3314 1187 3369 semet
1218 3305 1353 3392 ipsam,

210 3410 374 3498 quando
398 3423 457 3476 eat
481 3424 663 3496 extenta,
687 3417 822 3480 carnis
844 3417 1050 3485 notionem
1075 3415 1236 3481 iudicat.
1272 3413 1355 3478 Haec

208 3521 308 3584 verba
331 3542 426 3607 quem
448 3519 480 3585 in
504 3524 634 3590 modum
656 3523 874 3612 intellegenda
896 3527 968 3608 sint,
992 3526 1123 3592 dubium
1148 3523 1207 3590 est.
1253 3524 1356 3590 Liceat

209 3629 331 3710 autem,
355 3652 396 3695 ne
418 3653 578 3698 moremur
602 3635 634 3700 in
656 3635 717 3699 hoc
739 3636 825 3716 loco,
858 3637 919 3723 ipsi
942 3635 1016 3726 quid
1041 3637 1233 3717 sentiamus,
1257 3633 1354 3698 statim

208 3745 242 3807 in
264 3741 405 3807 medium
428 3743 582 3828 proferre.
624 3749 674 3812 Ac
697 3747 789 3812 nobis
813 3747 942 3836 quidem
966 3748 1124 3828 sententia
1147 3747 1356 3814 videturesse

259 3963 261 3966 Ι
284 3983 302 4050 ²)
320 3985 357 4036 Ei
375 3982 406 4034 δὲ
422 3976 476 4049 χρὴ
494 3981 583 4047 λέγειν
601 3982 629 4032 τί
646 3979 762 4034 ἕκαστον
781 3978 881 4045 αὐτῶν,
901 3973 961 4032 οἷον
973 3976 1040 4032 atro*
1054 3977 1183 4045 νοητικὸν
1197 3977 1212 4048 ἢ
1225 3978 1254 4034 τὸ
1268 3980 1358 4038 αἰσθη-

209 4068 286 4125 τικὸν
304 4066 320 4135 ἢ
339 4071 369 4123 τὸ
388 4064 547 4139 θρεπτικόν,
572 4063 706 4137 πρότερον
730 4068 767 4122 ἔτι
792 4071 901 4122 λεκτέον
922 4071 950 4120 τί
965 4067 995 4120 τό
1015 4073 1090 4122 νοεῖν
1108 4071 1156 4120 καὶ
1172 4073 1201 4122 τί
1216 4068 1245 4122 τὸ
1265 4058 1356 4120 αἰσθά-

178 4161 183 4168 ’
209 4164 316 4212 νεοθαι·
335 4153 470 4227 πρότερον
488 4153 542 4225 γάρ
561 4158 612 4208 εἰσι
633 4158 686 4210 τῶν
705 4155 853 4226 δυνάμεων
871 4158 901 4208 αἱ
919 4156 1052 4224 ἐνέργειαι
1072 4159 1119 4208 καὶ
1132 4159 1162 4208 αἱ
1173 4154 1284 4224 πράξεις
1295 4147 1356 4206 κατὰ

209 4242 257 4298 τὸν
274 4241 366 4314 λόγον.
386 4248 411 4298 at
429 4240 455 4295 δ’
477 4241 570 4307 οὕτως,
595 4240 697 4298 τούτων
717 4242 743 4297 d‘
766 4246 804 4300 ἔτι
823 4243 943 4312 πρότερα
961 4242 994 4297 τὰ
1014 4241 1187 4313 ἀντικείμενα
1207 4245 1253 4298 δεῖ
1267 4247 1356 4296 τεθεω·
1422 4267 1423 4278 ι

209 4336 330 4403 ρηκέναι,
349 4335 412 4404 περὶ
431 4331 544 4387 ἐκείνων
563 4334 673 4404 πρῶτον
687 4330 721 4386 ἂν
734 4333 791 4386 δέοι
813 4333 933 4402 διορίσαι
952 4329 998 4388 διὰ
1018 4331 1067 4399 τὴν
1085 4328 1171 4406 αὐτὴν
1190 4335 1286 4396 αἰτίαν,
1303 4320 1355 4380 οἷον

210 4421 274 4489 περὶ
292 4423 395 4492 τροφῆς
412 4422 459 4473 καὶ
479 4422 612 4485 αἰσθητοῦ
631 4423 677 4474 καὶ
695 4424 803 4488 νοητοῦ.
