2870 5076
698 401 906 468 ..64-

225 571 339 638 melior
361 579 410 636 est
431 569 585 658 potentia,
608 580 644 637 ut
666 593 749 658 quae
772 575 1004 641 contrariorum
1026 576 1068 642 eit
1090 576 1215 646 eadem.
1258 577 1364 645 Contra

223 683 255 748 in
284 679 376 748 malis
404 679 500 746 rebus
527 703 658 748 neeesse
685 692 734 748 est
761 683 858 748 finem
887 693 920 750 et
949 694 1055 752 sotum
1088 687 1280 756 deteriorem
1305 709 1364 756 esse

223 791 379 898 potentia,
409 813 482 856 oum
505 812 522 856 e
546 795 688 880 potentia
719 793 816 860 etiem
844 794 963 860 bonum
989 795 1065 884 quid
1094 797 1249 866 exsistere
1270 798 1364 888 possit,

223 912 313 968 aetus
346 910 452 967 autem
486 903 531 966 rei
569 900 688 967 malurn
721 903 840 968 habeat
877 902 1047 991 integrum.
1103 909 1251 996 Apparet
1281 909 1365 996 igitur

223 1013 342 1078 malum
364 1033 428 1076 non
452 1033 524 1076 esse
546 1022 639 1077 extra
662 1034 724 1094 res,
749 1037 768 1076 a
787 1013 840 1078 17:
868 1013 970 1100 δῆλον
997 1005 1063 1100 dou
1086 1012 1140 1084 ὅτι
1162 1012 1226 1086 oda
1250 1016 1317 1086 ἔστι
1333 1015 1365 1084 sd

221 1122 323 1191 κακὸν
344 1119 500 1210 ampriani
522 1115 713 1211 πράγματα,
738 1123 767 1188 h.
786 1145 813 1188 e.
836 1125 954 1190 malum
970 1149 1113 1194 seorsum
1137 1151 1177 1194 ae
1193 1153 1252 1218 per
1266 1151 1299 1196 ue
1312 1151 1365 1194 nou

222 1243 380 1300 oonstare.
425 1232 511 1298 Nam
539 1232 699 1320 posterius
728 1241 845 1298 natura
876 1234 995 1302 malum
1024 1247 1073 1302 est
1100 1261 1198 1326 quam
1226 1239 1366 1328 potantia,

159 1406 161 1412 ,
221 1353 334 1410 eontra
362 1341 563 1408 substantiae
592 1365 675 1432 quae
702 1364 762 1430 per
794 1365 829 1408 se
856 1355 1004 1412 constant
1031 1358 1184 1414 aeternae
1214 1360 1247 1416 et
1273 1369 1367 1414 neces·

221 1455 324 1520 seriae
353 1453 408 1518 illa
437 1463 510 1518 sunt
536 1454 670 1541 priores.
717 1451 925 1542 Quapropter
946 1455 1065 1524 melum
1092 1457 1125 1524 in
1154 1459 1193 1524 iis
1223 1481 1293 1526 esee
1313 1481 1367 1524 non

221 1563 357 1652 potest.“

306 1674 502 1741 Omittamus
526 1672 612 1762 quod
635 1674 699 1740 iam
722 1697 820 1760 supra
840 1677 1050 1745 contrahens
1066 1680 1366 1767 argumentationem

220 1786 401 1853 monuimus
425 1795 523 1872 atque
550 1784 772 1850 examinemus
795 1795 974 1853 extremam
1003 1788 1071 1854 eius
1099 1795 1240 1878 partem,
1270 1799 1367 1880 utpote

220 1898 252 1964 in
282 1921 347 1988 qua
374 1895 482 1962 omnia
509 1895 614 1984 posita
643 1894 716 1962 sint.
762 1894 853 1962 Dioit
879 1895 978 1983 igitur
1004 1898 1194 1967 Aristoteles
1223 1901 1257 1967 in
1285 1901 1368 1968 rebus
1421 1917 1422 1970 ὲ

220 2008 312 2074 malis
335 2018 441 2075 aetum
466 2007 655 2073 deteriorem
678 2029 747 2072 esse
768 2007 930 2092 potentia3
959 2033 1117 2098 apparere
1139 2012 1239 2099 igitur
1262 2012 1367 2080 malum

218 2141 282 2184 non
306 2139 377 2184 esse
401 2127 494 2182 extra
522 2138 590 2198 res,
620 2139 695 2182 nam
725 2117 886 2204 posterius
908 2129 1025 2186 natura
1046 2123 1165 2188 malum
1189 2143 1367 2211 essequam

216 2229 404 2316 potentiam.
450 2225 542 2306 Quae
570 2226 749 2292 ordinanda
777 2227 929 2294 videntur
956 2252 1027 2297 esse
1055 2231 1086 2297 in
1114 2234 1200 2299 huno
1233 2232 1367 2300 modum:

218 2340 256 2405 Iu
280 2339 376 2403 rebus
400 2335 491 2402 malis
519 2345 610 2401 aetus
640 2337 783 2424 potentia
811 2338 952 2406 deterior
975 2352 1033 2409 est.
1081 2341 1195 2431 [Atqui
1218 2344 1304 2432 quod
1325 2343 1368 2408 de

217 2451 317 2516 terius
340 2457 403 2528 est,
426 2446 512 2539 idem
537 2457 586 2512 eat
608 2449 779 2534 posterius,
803 2451 844 2514 of.
867 2457 920 2534 A,
943 2453 972 2516 7.
998 2455 1080 2520 1072
1096 2477 1114 2520 e
1129 2455 1186 2520 35:
1209 2455 1268 2522 καὶ
1288 2450 1367 2522 ἔστιν

218 2554 354 2650 ἄριστον
376 2552 430 2624 ἀεὶ
453 2550 475 2646 ἢ
497 2550 663 2646 ἀνάλογον
681 2558 720 2626 ad
741 2561 885 2646 πρῶτον.
920 2563 1016 2651 Phys.
1034 2564 1128 2646 VIII,
1151 2565 1183 2630 9.
1208 2567 1273 2631 265
1287 2589 1306 2631 a
1320 2564 1367 2649 222

220 2667 383 2761 πρότερον
411 2668 449 2738 δὲ
479 2667 535 2735 καὶ
564 2663 667 2756 φύσει
694 2669 751 2738 καὶ
778 2666 867 2759 λόγῳ
894 2671 950 2740 καὶ
974 2667 1082 2762 χρόνῳ
1103 2673 1142 2741 ad
1165 2673 1367 2758 adieceritis

215 2787 277 2852 aori
299 2777 448 2862 ἀτελοῦς,
471 2781 532 2847 τοῦ
554 2783 718 2868 φθαρτοῦ
741 2781 780 2848 dri
799 2781 839 2850 ad
862 2775 1065 2873 ἄφθαρτοι]
1111 2785 1202 2872 Ergo
1217 2784 1367 2873 posterius

217 2895 336 2961 malurn
359 2903 408 2960 eat
429 2889 574 2981 potentia
601 2900 699 2978 atque
727 2893 768 2957 ob
798 2915 869 2958 eam
900 2916 1030 2960 oausam
1057 2916 1116 2982 per
1143 2919 1178 2961 se
1200 2897 1367 2964 consistere
1420 2905 1421 2940 ³

216 3003 339 3094 nequit.

301 3113 513 3196 Sententiam,
537 3113 624 3201 quod
638 3113 779 3179 deterius
795 3113 845 3197 sit,
862 3113 947 3182 idem
964 3135 1034 3180 asse
1050 3115 1222 3202 posterius,
1243 3113 1367 3185 inserui·

215 3252 296 3310 mus,
326 3250 398 3292 eum
421 3223 581 3312 quomodo
610 3224 842 3311 argumentatio
871 3233 967 3288 antea
985 3225 1128 3304 ¹melioris
1153 3235 1186 3291 et
1208 3226 1366 3294 deterioris

215 3337 397 3406 notionibus
424 3335 502 3400 nixa
530 3333 679 3399 deflectat
706 3335 745 3399 ad
769 3332 943 3422 posterius,
973 3333 1036 3399 alia
1065 3335 1189 3400 ratione
1218 3333 1366 3426 explioari

214 3473 310 3538 posse
336 3470 400 3513 non
431 3445 588 3512 videatur.
633 3446 702 3511 Iam
726 3468 803 3510 num
827 3453 952 3510 oonstet
979 3441 1225 3532 demonstratio,
1257 3445 1365 3514 exami-

214 3581 337 3627 nemus.
380 3558 431 3622 Ae
458 3555 596 3642 primum
626 3554 755 3643 quidem
784 3555 857 3621 huie
886 3556 1157 3641 argumentationi
1185 3581 1249 3624 non
1277 3556 1366 3624 nimis

216 3668 430 3749 confidemus,
459 3689 532 3731 cum
559 3665 780 3752 proficiscatur
808 3688 827 3730 a
849 3665 990 3730 melioris
1018 3676 1050 3731 et
1078 3666 1247 3734 deterioria
1274 3666 1366 3734 notio

214 3781 307 3846 nibus
315 3828 323 3861 ,
367 3799 451 3866 qnae
489 3775 674 3863 primariam
714 3799 821 3842 rerum
860 3787 1009 3842 naturam
1048 3801 1161 3866 parum
1200 3779 1364 3866 attingant.

215 3889 341 3956 Deinde
365 3886 501 3953 vidimus
518 3886 828 3972 argumentationem
851 3885 942 3953 inniti
958 3888 1126 3970 sententia,
1151 3890 1264 3956 melius
1286 3883 1366 3976 quod

214 4001 264 4082 sit,
288 3998 373 4066 idem
396 4009 467 4063 'esse
489 3996 585 4084 prius.
621 3995 688 4062 Sed
709 3997 789 4063 haee
804 3996 965 4063 sententia
984 3997 1055 4085 ipsa
1073 3999 1158 4066 unde
1180 4000 1281 4089 petita
1300 3994 1366 4062 est?

214 4110 365 4176 Profecto
398 4109 474 4173 inde
506 4105 590 4195 quod
625 4107 704 4172 deus
732 4107 1044 4196 omnium'primum
1077 4119 1127 4175 est
1159 4121 1256 4198 atque
1285 4107 1364 4174 idem
1419 4117 1420 4138 ³

214 4219 380 4308 optimum.
427 4216 484 4284 Sin
514 4227 621 4284 autem
648 4217 722 4284 inde
752 4217 838 4306 quod
870 4217 948 4285 deus
976 4219 1117 4284 omnium
1146 4221 1299 4307 optimum
1327 4213 1364 4279 sit

213 4329 363 4419 idemque
396 4328 534 4418 primum
568 4328 764 4417 colligimus,
799 4352 881 4416 quae
915 4330 1024 4418 priora
1057 4329 1120 4397 sint
1154 4331 1267 4398 eadem
1298 4347 1364 4392 esse

213 4440 345 4508 meliora
368 4452 400 4508 et
422 4464 505 4529 quae
528 4439 661 4509 meliora
683 4440 794 4506 eadem
816 4441 939 4528 priora,
967 4440 1064 4508 tacite
1092 4440 1179 4508 aliud
1211 4441 1287 4530 quid
1313 4435 1364 4503 ad·
