2870 5076
517 405 726 470 ...17-

66 577 189 644 creandia
216 575 408 644 animalibus
437 585 599 642 menstrua
629 584 738 644 movet
766 595 805 640 ex
834 574 938 662 iisque
973 573 1092 642 animal
1129 599 1200 666 pro·

9 741 10 810 ὠ
66 688 192 776 θεῖ’).

130 798 242 887 Neque
272 797 365 865 aliter
394 821 445 864 res
473 819 508 862 se
535 797 633 863 babet
657 797 689 862 in
718 795 941 862 effectionibus
965 796 1054 862 artis.
1100 799 1137 864 In
1161 797 1199 864 iis

65 905 131 971 enim
158 907 351 995 principium
379 916 428 974 θεῖ
458 906 504 973 rei
537 907 641 973 forma
676 929 713 974 se
744 905 867 995 species
895 916 1003 973 mente
1031 917 1198 994 concepta.

9 1019 10 1108 ζ
64 1015 227 1084 tuotone
249 1027 356 1084 sutem
378 1017 426 1083 rei
449 1015 566 1084 artifex
590 1015 762 1105 cogitando
784 1015 983 1102 regreditur,
1007 1016 1109 1084 donee
1131 1041 1202 1105 per·

9 1143 10 1158 ¹
65 1125 135 1192 venit
161 1127 256 1194 adid
280 1129 365 1217 quod
393 1129 461 1216 ipse
490 1135 597 1213 potest
627 1125 766 1192 efficere.
812 1125 893 1192 Inde
917 1137 1024 1194 autem
1048 1151 1145 1215 agere
1170 1139 1202 1195 et

64 1237 169 1320 operari
192 1237 315 1326 incipit,
339 1238 440 1304 donec
463 1260 498 1302 re
522 1237 646 1304 exsistit
668 1235 701 1302 id
717 1234 802 1302 unda
822 1235 974 1323 cogitatio
991 1248 1060 1304 eret
1075 1263 1201 1307 exorsa.

66 1341 151 1422 Quum
173 1348 365 1414 scunarium
388 1369 471 1435 quae
494 1347 579 1412 iuter
600 1346 826 1435 cogitationem
843 1358 876 1412 θῖ
890 1349 1092 1416 effectionem
1108 1351 1204 1416 inter-

9 1467 10 1470 ’
65 1455 133 1522 cedit
144 1457 300 1525 rationem
311 1458 500 1525 Aristoteles
517 1457 717 1524 demonstrat
731 1457 896 1546 proposito
912 1460 1063 1549 exemplo
1076 1461 1202 1545 medici,

67 1563 106 1650 qui
127 1565 283 1636 bominem
306 1579 528 1657 aegrotantem
551 1566 688 1634 reddere
705 1567 774 1633 vult
788 1591 913 1634 sanum.
949 1569 1081 1637 Sanitas
1104 1570 1203 1659 igitur

67 1673 170 1744 eitinis
192 1689 242 1745 est
263 1667 458 1767 propositus.
505 1679 558 1744 Ad
583 1701 653 1745 eam
677 1687 784 1744 eutem
809 1679 1010 1746 efficiendam
1035 1680 1205 1747 restituen-

67 1782 98 1848 da
116 1797 160 1854 θεῖ
180 1788 265 1856 iusta
287 1789 429 1879 corporis
453 1790 635 1878 temperies.
680 1788 773 1868 Quae
789 1811 861 1854 oum
877 1790 941 1855 tale
964 1790 1042 1879 quid
1064 1792 1115 1874 sit,
1140 1792 1205 1857 effi-

67 1895 162 1979 cietur,
190 1899 217 1964 si
247 1901 374 1989 corpori
401 1900 546 1967 redditus
576 1899 674 1966 fuerit
701 1899 798 1966 calor.
845 1899 950 1979 Quem
972 1901 1110 1967 ‚efficere
1139 1901 1204 1968 iam

67 2010 273 2098 perseipsum
296 2019 360 2095 θεῖς
383 2019 478 2099 atque
503 2011 602 2078 efficit
622 2033 693 2076 eum
709 2009 866 2076 frictione.
898 2010 995 2076 Calor
1018 2023 1126 2078 autem
1150 2013 1205 2101 qui

67 2119 143 2184 asin
165 2143 299 2208 corpore
322 2120 447 2188 exsistit
469 2130 525 2186 aut
547 2144 623 2209 pare
647 2130 696 2186 est
718 2121 863 2188 sanitatis
886 2132 941 2187 aut
963 2123 1109 2210 sequitur
1131 2147 1206 2190 eum

9 2249 10 2312 ι
66 2224 167 2315 aliquid
188 2231 277 2319 quod
298 2255 374 2319 pers
397 2231 543 2300 sanitatis
567 2241 625 2314 est,
648 2230 747 2318 idque
769 2241 824 2298 sut
839 2231 946 2298 statim
963 2242 1019 2298 eut
1034 2243 1107 2320 post
1122 2253 1207 2302 eom·

9 2325 10 2352 ³
66 2335 156 2420 pieres
178 2341 436 2410 commutationis
459 2341 627 2430 gradus²).
673 2343 746 2408 Hoc
775 2351 958 2416 extremum
981 2354 1099 2426 eutem,
1127 2345 1159 2410 h.
1178 2367 1206 2410 e.

9 2497 10 2504 1
67 2447 137 2516 calor
157 2455 210 2540 qui
233 2453 381 2520 frictione
406 2451 542 2532 exsistit,
566 2451 669 2518 estid
693 2453 778 2540 quod
802 2453 901 2521 efficit
923 2455 1103 2534 sanitatem,
1128 2465 1160 2520 et
1175 2454 1207 2520 id

66 2561 136 2644 quod
156 2563 200 2628 ita
222 2585 258 2630 se
281 2563 391 2646 babet,
422 2571 459 2630 ut
482 2562 653 2628 sanitatem
678 2561 815 2647 efficiat,
843 2587 918 2652 pars
941 2565 1089 2632 sanitatis
1114 2565 1208 2654 est⁸).

9 2725 11 2730 .
67 2663 112 2734 Sic
137 2683 199 2738 tres
226 2673 382 2740 habemus
409 2695 524 2740 causas
555 2673 742 2740 coniunctas
765 2661 826 2758 its,
856 2684 891 2738 ut
913 2675 977 2741 sint
999 2699 1075 2744 una.
1119 2678 1211 2746 Prin-

67 2779 167 2866 cipium
198 2785 284 2852 enim
311 2784 446 2850 aetionis
478 2793 548 2850 erat
578 2783 709 2850 sanitas.
755 2785 847 2852 Haeo
876 2787 1015 2872 primum
1038 2798 1088 2855 est
1110 2813 1209 2858 eausa

67 2887 207 2974 formalis,
238 2894 296 2960 sed
326 2895 438 2960 eadem
470 2904 522 2959 est
550 2917 649 2960 causa
675 2895 795 2976 finalis,
829 2919 902 2961 oum
934 2920 1005 2963 eam
1037 2901 1208 2968 restituere

9 3061 10 3082 p
67 3001 175 3070 medico
196 3003 237 3070 sit
259 3003 473 3092 propositum,
504 3016 601 3094 atque
625 3005 746 3072 excitat
769 3005 961 3090 motionem,
992 3031 1058 3095 qua
1081 3021 1116 3076 ut
1138 3012 1209 3101 ipss

9 3105 11 3122 '
67 3129 94 3172 te
125 3115 254 3181 exsistat
286 3137 366 3203 opus
400 3117 494 3204 est⁴).
540 3115 698 3182 Videmus
729 3115 837 3202 igitur,
872 3118 1142 3205 quemadmodum
1175 3123 1207 3188 in

65 3225 312 3304 generationibus
334 3225 551 3308 naturalibus,
581 3226 627 3292 ite
654 3225 752 3292 etism
773 3227 806 3292 in
829 3227 1011 3294 artificiosis
1034 3231 1209 3298 effectioni-

66 3327 115 3398 bus
136 3345 198 3402 tres
220 3359 333 3404 causas
354 3335 462 3404 redire
484 3338 518 3404 in
540 3361 651 3404 unam.
697 3336 762 3404 Sed
793 3337 915 3424 pariter
936 3347 1034 3427 etque
1056 3340 1090 3406 in
1112 3342 1208 3408 rebus

66 3475 250 3496 *mu-n·-

9 3549 11 3662 i
129 3579 146 3642 ¹)
164 3581 224 3634 Mat
241 3581 276 3646 Η,
295 3585 321 3633 4.
344 3585 410 3633 tota
423 3597 439 3634 a
451 3587 500 3636 34:
520 3573 580 3634 οἷον
599 3576 753 3652 ἀνθρώπου
765 3582 805 3638 τίς
818 3583 891 3636 αἰτία
904 3579 939 3640 ὡς
957 3579 1024 3648 sitm
1044 3576 1097 3652 ἆρα
1116 3581 1148 3636 ui
1163 3601 1209 3636 κα-

9 3663 11 3732 ί
67 3661 183 3730 'aubert
202 3671 230 3720 al
246 3667 273 3719 δ’
293 3662 329 3726 ὡς
347 3670 459 3734 nereum·
479 3662 534 3736 ἆρα
548 3668 577 3722 rb
592 3673 718 3740 σπέρμα,·
738 3673 777 3736 Λ,
792 3674 816 3724 6.
840 3674 903 3723 1071
918 3670 936 3723 b
954 3675 999 3724 29:
1019 3669 1051 3722 οὐ
1069 3669 1124 3740 γὰρ
1142 3670 1160 3737 ἥ
1177 3689 1208 3740 γε

67 3743 108 3816 ilo
125 3753 221 3822 κινήσει
242 3753 441 3824 odedientia,
464 3755 536 3810 atre
560 3755 715 3825 retroverti,
739 3755 806 3812 οὐδὲ
832 3757 864 3810 ιὰ
890 3756 1021 3826 ἐπιμήνια
1047 3755 1111 3809 οὐδ’
1132 3755 1147 3826 ἡ
1166 3761 1210 3828 γῆ,

67 3831 126 3891 sitiri
142 3843 174 3896 sci
191 3847 336 3914 σπέρματα
354 3847 402 3896 καὶ
420 3841 435 3911 ἧ
454 3843 532 3916 γονή.

9 3951 11 4014 j
134 3929 231 3994 'ittet
249 3935 284 3998 Ζ,
309 3937 333 3987 t.
361 3937 427 3986 1082
446 3937 463 3988 b
482 3939 529 3987 28:
552 3929 570 4000 ἢ
595 3931 641 3988 διὰ
665 3929 814 3996 πλειόνων,
845 3933 878 3984 οῖ’.
904 3931 1045 3986 Alexandr.
1069 3933 1209 4000 Aphrodis.

9 4023 11 4078 1
67 4011 145 4070 θεῖοι.
163 4025 190 4072 ie
207 4023 317 4074 erutos.
337 4023 396 4074 0011.
415 4025 538 4078 arandis.
563 4039 591 4090 p.
606 4029 655 4074 ese
669 4023 687 4076 b
703 4027 713 4073 1
735 4003 792 4088 riq.
828 4021 931 4074 nonius.
951 4027 1089 4072 commem.
1112 4037 1137 4086 p.
1152 4023 1213 4084 ara,

67 4105 106 4166 qut
123 4105 196 4160 illum
213 4111 241 4160 in
260 4113 475 4176 interpretatione
493 4112 575 4164 huius
595 4114 648 4166 loci
667 4115 773 4163 secutus
793 4115 841 4164 est.

131 4193 195 4260 ¹)L.
214 4199 231 4250 1.
250 4199 327 4252 bue:
353 4198 433 4252 τοῦτο
460 4195 488 4252 d‘
509 4199 629 4266 ἔσχατον
647 4195 676 4252 τὸ
698 4198 811 4260 ποιοῦν,
837 4197 882 4248 καὶ
906 4195 935 4251 rb
956 4187 1042 4256 orirer
1059 4195 1144 4266 μέρος
1162 4190 1221 4244 ἐστὶ

68 4293 78 4326 ¹
129 4279 135 4296 Ι

80 4297 103 4342 '¹⁴
123 4289 323 4434 ibiibibbttr
344 4370 374 4426 sd
394 4373 428 4443 δὴ
448 4376 550 4428 ποιοῦν
569 4377 616 4428 καὶ
636 4371 709 4430 ὅθεν
728 4365 840 4440 ἄρχεταί
854 4367 870 4436 ἦ
884 4377 989 4438 ’‘W“
1008 4371 1057 4422 ²⁰¹3
1078 4361 1224 4434 ‘mmmm'

9 4459 10 4544 1
69 4449 112 4506 *ἂν
127 4459 177 4528 μὲν
193 4461 248 4514 aar
268 4465 371 4530 τέχνης,
389 4461 419 4515 rb
439 4459 513 4524 εἶδός
531 4461 590 4516 ἐστι
609 4463 638 4520 sb
658 4461 689 4518 ir
708 4462 739 4534 τῇ
759 4460 846 4532 ψυχῇ·

1002 4556 1023 4620 2
