2870 5076
526 415 740 480 ...51-

72 585 168 654 etna
188 597 263 654 sunt
283 585 475 676 praemissa,
502 585 685 652 necessario
708 607 748 652 eo
769 585 915 674 sequitur
936 584 1115 664 conclusio,
1140 609 1213 652 oum

72 697 260 786 syllogismus
283 697 327 763 sit
349 691 447 785 λόγος
468 693 502 763 ἐν
524 683 552 784 ᾧ
571 694 738 764 τεθέντων
759 699 858 764 τινῶν
880 691 1124 785 heptaticus
1145 721 1214 764 ass·

71 805 165 888 μλνιιιι
186 805 223 889 ἐξ
242 801 386 897 ἀνάγκης
408 803 584 894 συμβαίνει
604 810 652 896 τῷ
676 811 784 878 ταῦτα
811 800 909 876 sivos.
954 807 1072 896 Itaque
1099 832 1215 898 propo·

72 917 188 986 sitiones
210 943 328 986 sonmo
348 919 519 986 efficientis
540 920 642 986 instar
663 929 752 1002 sunt,
784 943 873 1002 cum,
903 919 958 984 ubi
978 920 1105 1006 positae
1128 930 1214 1004 sunt,

72 1029 237 1096 ιιιοοιιιιίο
260 1029 351 1119 qnasi
374 1041 548 1119 procreent
567 1031 815 1097 conclusionem.
851 1029 947 1110 Quod
969 1029 1054 1096 idem
1080 1041 1216 1119 apparot

72 1138 99 1206 in
124 1141 199 1206 srtis
221 1139 454 1209 effectionibus.
498 1141 618 1224 Veluti,
645 1151 682 1208 ut
711 1142 907 1207 retineamus
935 1142 1122 1228 exemplum
1150 1161 1214 1229 qno

73 1251 125 1316 issn
145 1252 272 1340 saepius
295 1254 343 1318 usi
364 1275 489 1335 somus,
517 1251 544 1316 si
573 1250 718 1318 modicus
739 1251 877 1318 hominis
898 1250 1022 1337 aegroti
1045 1250 1216 1318 restituere

74 1361 132 1426 vult
151 1361 337 1446 sanitatem,
365 1361 510 1428 unitatis
538 1361 625 1428 notio
657 1371 706 1426 est
727 1361 865 1450 primum
889 1371 987 1448 atquo
1010 1360 1215 1450 principium.

74 1469 130 1538 Sed
148 1472 266 1540 sanitas
287 1473 401 1540 nititur
421 1473 507 1540 iusta
528 1471 672 1561 corporis
694 1471 853 1560 temperie
874 1481 973 1560 etque
995 1473 1076 1538 haec
1099 1471 1215 1553 calore,

74 1583 119 1670 qui
144 1584 329 1650 efficiendus
357 1592 407 1650 est
434 1583 590 1650 frictione.
636 1586 752 1671 Itaque
783 1583 888 1650 frictio
910 1607 951 1648 ex
973 1583 1144 1672 hypothesi
1168 1593 1217 1648 est

73 1693 248 1760 emostis.
290 1693 357 1762 Ubi
381 1703 488 1760 sutem
510 1717 627 1784 corpus
643 1695 788 1775 fricatur,
810 1693 992 1760 necessario
1009 1693 1217 1781 consequitur

75 1801 149 1869 oslor
169 1815 265 1892 atque
286 1805 377 1870 hunc*
392 1805 478 1871 insta
501 1805 643 1892 corporis
664 1803 837 1892 temperies
859 1815 892 1869 et
914 1805 998 1869 hanc
1023 1803 1111 1869 bons
1131 1804 1217 1870 vale·

75 1913 149 1980 todo.
191 1914 345 1984 Videmus
373 1915 473 2005 igitur
497 1919 595 1982 finem
616 1913 818 2003 propositum
840 1913 1005 2002 requirere
1026 1914 1103 1998 alia,
1133 1937 1217 2002 qnae

75 2043 108 2088 es
127 2024 292 2114 hypothesi
313 2026 376 2093 sint
390 2027 583 2108 necessaria,
606 2028 686 2092 hseo
701 2036 808 2091 autem
825 2023 879 2088 ubi
894 2022 1011 2106 adsint,
1034 2025 1218 2091 necessario

74 2133 155 2202 linens
177 2137 341 2225 consequi.
386 2137 479 2217 Quae
501 2137 614 2204 eadem
640 2159 772 2226 prorsus
794 2136 876 2202 ratio
900 2135 1043 2202 cernitur
1064 2137 1098 2200 in
1120 2134 1217 2200 robus

75 2247 258 2315 ustumlibus
271 2249 307 2330 ¹).
338 2245 403 2312 Hic
426 2269 555 2336 qnoque
577 2247 650 2314 finis
673 2256 723 2313 est
745 2245 902 2336 primum3
925 2247 981 2312 ubi
1005 2257 1111 2314 antem
1135 2267 1218 2334 quae

76 2367 195 2448 proptor
216 2381 290 2446 eum
311 2360 494 2426 necessaria
519 2368 607 2444 sunt,
631 2357 852 2448 suppeditant,
880 2357 954 2422 finis
980 2358 1050 2445 ipse
1072 2358 1220 2439 efficitur,

76 2491 136 2536 cun
157 2491 214 2559 per
235 2491 346 2535 eornm
370 2481 517 2538 usturam
540 2471 635 2537 alitor
656 2470 725 2536 fieri
749 2477 899 2557 nequeat.
935 2469 1044 2556 Atque
1065 2470 1126 2534 hac
1141 2489 1221 2532 sem-

76 2711 115 2760 sol
130 2708 210 2779 etse,
222 2711 256 2766 ori
275 2713 320 2780 τῆς
338 2709 462 2782 πράξεως
479 2711 549 2767 ἀλλὰ
568 2715 617 2769 τοῦ
636 2713 781 2782 λογισμοῦ·
800 2713 859 2768 ἐκεῖ
876 2711 906 2765 dl
920 2713 969 2767 τοῦ
981 2713 1128 2784 λογισμοῦ·
1147 2707 1220 2780 πρά-

76 2799 119 2858 eu
133 2799 186 2868 γὰρ
204 2798 255 2854 οὐκ
273 2803 351 2858 cloto.
371 2799 440 2855 ὅσι’
461 2805 486 2854 ελ
503 2801 580 2856 ἔσται
598 2805 689 2866 elato,
711 2798 821 2869 ἀνάγκη
843 2802 930 2854 sciro
948 2793 1113 2870 γενέσθοιῆ
1133 2795 1222 2870 ὑπάρ-

74 2882 155 2954 lassi
172 2888 254 2954 siros,
273 2885 290 2956 ἢ
309 2886 378 2948 ὅλως
396 2887 444 2956 τὴν
463 2886 530 2955 ὕλην
547 2889 596 2956 τὴν
621 2883 700 2944 ἕνεκά
719 2907 782 2956 που,
805 2881 867 2944 οἷον
889 2890 1024 2946 πλίνθους
1047 2890 1094 2941 sol
1118 2889 1223 2951 λίθους,

77 2975 96 3024 ιλ
110 2977 192 3028 atsto·
217 2973 251 3028 od
268 2980 365 3046 μέντοι
387 2975 436 3030 διὰ
457 2976 543 3030 ταῦτά
566 2977 623 3029 loss
645 2974 674 3030 sd
698 2978 775 3034 τέλος
796 2971 857 3027 ἀλλ’
881 2971 894 3040 ἢ
914 2974 950 3034 ὡς
968 2971 1043 3040 ὕλην.
1064 2971 1128 3028 otid‘
1147 2975 1221 3026 ἔσται

77 3057 115 3112 διὰ
132 3064 220 3116 susim
244 3057 315 3122 ὅλως
335 3065 433 3133 μέντοι
454 3062 493 3134 μὴ
517 3057 607 3118 ὄντων
626 3061 677 3116 onix
696 3063 774 3116 ἔσται
792 3059 854 3116 osid'
875 3059 891 3128 ἡ
910 3066 985 3114 orote
1004 3060 1068 3116 οὐδ’
1088 3058 1104 3113 d
1124 3065 1223 3130 πρίων,

12 3183 13 3190 ι
77 3145 151 3218 ἡμὲν
167 3154 192 3204 ιλ
207 3149 247 3220 μὴ
265 3152 293 3204 ολ
310 3152 399 3214 λίθοι,
423 3147 438 3203 ὁ
458 3149 491 3200 d‘
510 3153 535 3204 ιλ
551 3148 590 3220 μὴ
609 3149 624 3203 ὁ
645 3149 770 3220 σίδηρος·
795 3149 863 3204 οὐδὲ
882 3149 937 3220 γὰρ
955 3150 1013 3202 issi
1030 3152 1060 3202 ιιλ
1078 3147 1175 3218 ἀρχαί,
1200 3151 1224 3202 ιλ

76 3235 108 3302 μὴ
122 3235 150 3290 si
167 3242 303 3308 τρίγωνον
321 3234 373 3291 δύο
391 3235 499 3306 ὀρθοῖς.
536 3240 653 3302 Qnornm
677 3255 746 3306 quse
767 3239 894 3306 leguntur
917 3241 978 3290 inds
1001 3257 1018 3290 a
1035 3255 1061 3294 r.
1081 3244 1124 3289 at.
1144 3240 1224 3292 corri-

77 3327 229 3390 gmdssnnt
245 3329 273 3378 in
292 3327 397 3379 modum
415 3327 498 3379 hunos
523 3329 548 3380 ιλ
566 3327 598 3380 dl
616 3321 664 3398 μή,
688 3323 782 3396 ὥσπερ
809 3326 867 3380 ἐκεῖ
887 3325 926 3396 μὴ
952 3320 1031 3385 ὄντος
1049 3326 1098 3380 τοῦ
1117 3339 1224 3395 oopus·

77 3408 315 3482 ριόμιιοςὴἇοχὴ
329 3409 380 3466 οὐκ
393 3413 479 3479 ἔσται,
498 3418 545 3468 καλ
558 3415 680 3469 ἐνταῦθα
699 3414 759 3466 rosi
776 3415 895 3472 τέλους
913 3416 969 3466 sol
988 3415 1049 3466 τοῦ
1069 3400 1107 3465 οὗ
1126 3413 1225 3466 ἕνεκα

78 3499 126 3552 soil.
142 3500 180 3572 μὴ
197 3495 389 3569 dusaritim
408 3497 465 3554 οὑιι
479 3502 564 3556 ἔσται,
599 3506 666 3556 Nom
684 3503 748 3554 iinis
766 3504 936 3554 effectionum
956 3505 1098 3569 respondet
1116 3503 1226 3570 syllogi-

82 3601 184 3641 snosnns
203 3590 377 3642 conclusioni.

143 3676 160 3740 Ι)
175 3678 254 3744 Phys
274 3678 309 3742 11,
329 3683 353 3728 7.
374 3681 423 3730 198
436 3678 453 3730 h
466 3685 495 3729 4:
514 3675 582 3732 dors
605 3679 666 3732 luel
683 3675 700 3743 ἡ
719 3672 805 3747 φύσις
823 3674 903 3734 ἕνεκά
921 3695 985 3742 που,
1004 3682 1053 3732 sul
1071 3674 1172 3742 ταύτην
1191 3679 1228 3730 ελ-

79 3755 147 3814 disse
165 3763 215 3830 sisi,
232 3765 280 3816 ιιιιλ
298 3761 408 3823 πάντως
423 3760 582 3819 ἄποδοιίοι
599 3764 629 3818 τὸ
649 3764 696 3817 dui
715 3769 750 3831 τί,
770 3759 832 3820 οἷον
850 3762 890 3818 ὅτι
910 3765 941 3817 λιι
959 3764 1041 3818 rosida
1059 3762 1168 3832 ἀνάγκη
1185 3761 1229 3816 τό·

81 3845 115 3898 ds·
131 3849 159 3902 sd
179 3849 209 3904 dl
229 3850 260 3905 λιι
277 3850 359 3904 τοῦδε
379 3854 514 3916 (Fortasse
536 3855 704 3906 scribendum
727 3863 781 3906 ests
806 3851 837 3907 ιό
862 3849 975 3906 δὲτάδε
995 3851 1026 3904 λιι
1048 3853 1144 3918 τοῦδε,
1169 3868 1229 3904 cunr

79 3939 217 3992 nocem:
242 3931 302 3992 οἷον
323 3935 365 3992 ὅτι
390 3938 427 3992 λιι
445 3940 546 3994 τοῦδε
565 3938 672 4010 ἀνάγκη
690 3939 776 3995 saido.
813 3943 900 3994 Osuss
917 3947 1005 3992 eutem
1024 3941 1101 3994 vocis
1119 3947 1230 4006 prseter-

79 4024 165 4078 fllssse
181 4028 267 4080 facilis
286 4033 327 4078 est
344 4027 377 4078 sd
396 4027 549 4090 ridendum)
568 4023 584 4094 ἢ
604 4027 699 4087 dulcis
716 4023 733 4094 ἢ
753 4023 790 4086 ὡς
809 4029 855 4082 lut
874 4025 904 4080 ιό
925 4021 1006 4079 πολύ.
1031 4029 1079 4080 sul
1097 4028 1122 4078 ιλ
1139 4027 1230 4096 μέλλει

80 4109 133 4162 rosh
148 4113 273 4177 losotos,
297 4109 390 4182 οἳοιιιρ
416 4114 447 4168 λιι
469 4117 524 4171 suiv
549 4113 711 4186 προιάσιιον
735 4112 765 4168 τὸ
786 4117 984 4186 συμπέρασμα.
1023 4117 1099 4180 Quos
1117 4120 1234 4168 extrsnss

81 4195 261 4270 hannone„
278 4211 341 4255 sunt
359 4204 387 4254 in
405 4203 478 4255 hunc
496 4205 617 4258 modam:
640 4211 722 4271 atque
741 4205 765 4256 si
783 4204 835 4258 hoc
852 4207 970 4256 littorum
990 4211 1040 4268 ost,
1060 4211 1117 4256 tom
1137 4217 1177 4254 rso
1196 4203 1235 4252 its

82 4295 106 4332 ⁸0
121 4284 208 4354 hsbst,
233 4289 450 4358 quomsdmodum
469 4307 484 4340 e
501 4291 730 4358 propositionibus
748 4295 856 4346 exsistit
875 4292 1030 4356 conclusio,
1057 4293 1083 4346 λι.
1098 4305 1121 4342 e.
1140 4291 1164 4342 si
1183 4289 1235 4340 hoo

83 4367 187 4426 hturnn
204 4385 253 4443 sss,
271 4379 333 4432 sliis
351 4385 391 4432 sot
408 4395 484 4446 opus,
504 4395 572 4446 quse
590 4383 642 4432 hoc
659 4389 849 4448 oonssqustur,
866 4379 1090 4444 quemadmodum
1112 4379 1139 4430 in
1152 4375 1236 4444 syllo-

84 4457 159 4518 siano
176 4469 315 4530 praemisso
332 4469 453 4534 sequitur
471 4468 609 4520 conclusio

987 4561 1032 4624 4*
