2966 5072
807 461 847 523 68

317 628 539 714 nothwendige
562 630 773 698 Untcrschied
795 633 922 714 heraus,
947 634 1021 698 dass
1044 631 1197 698 wdhrend
1215 633 1339 698 Aristo-

317 732 398 796 teles
419 733 467 798 als
491 734 726 819 selbsttindiger
747 737 877 802 Denker
899 737 1032 803 lehrend
1054 737 1201 818 austritt,
1227 736 1339 802 Cicero

317 835 419 900 durch
446 837 614 922 Anlegung
651 841 738 906 eines
774 841 917 907 fremden
944 841 1090 925 Principe
1134 839 1201 906 sich
1237 837 1341 906 selbst

318 944 384 1003 erst
413 939 559 1005 iestsetzt
593 943 659 1008 und
691 967 731 1009 nn
763 946 873 1011 lernen
906 946 999 1011 sucht
1032 947 1090 1031 (l)
1109 945 1198 1030 ¹⁵4)«.
1249 944 1340 1023 Quae

317 1051 510 1126 sequuntur,
535 1046 615 1111 nihil
637 1049 679 1114 ad
700 1072 778 1115 rem.
823 1051 886 1116 Sed
909 1050 976 1132 die,
1010 1071 1147 1135 quaeso,
1178 1047 1339 1133 quomodo

317 1147 432 1213 harum
454 1171 563 1215 rerum
585 1174 657 1217 cum
679 1154 729 1234 iis,
753 1175 835 1237 quae
858 1155 898 1220 de
913 1154 1101 1220 Aristotelio
1123 1150 1339 1218 morcOicero

317 1253 351 1316 in
371 1253 519 1335 Epistola
541 1255 583 1320 ad
608 1261 739 1321 Atticum
753 1258 812 1343 ¹⁵⁵)
835 1258 949 1340 tradit,
980 1279 1153 1324 consensus
1175 1255 1339 1321 rationum

318 1365 554 1442 concentusque
577 1359 659 1424 effici
680 1363 800 1443 possit,
836 1382 899 1444 quo
928 1361 998 1426 loco
1023 1360 1134 1425 Cicero
1164 1359 1243 1424 satis
1266 1377 1339 1440 per·

319 1464 427 1546 spicue
448 1464 586 1546 indicat,
618 1486 652 1529 se
681 1465 821 1531 noluisse
851 1466 1027 1548 dialogum,
1062 1464 1102 1530 dc
1134 1484 1197 1548 quo
1220 1462 1338 1545 agitur,

318 1567 366 1630 ita
387 1567 566 1646 instituere,
584 1559 627 1631 ¹ut
651 1568 713 1633 sibi
733 1569 904 1634 tacendum
927 1574 1021 1650 esset,
1043 1589 1103 1633 nec
1125 1567 1152 1632 si
1174 1565 1338 1649 particeps

318 1671 475 1736 sermonis
496 1672 566 1753 ipse
589 1670 700 1736 Cicero
723 1677 810 1753 erat,
841 1677 878 1738 nt
905 1693 1018 1737 revera
1047 1673 1080 1736 in
1108 1669 1200 1736 libris
1223 1670 1263 1734 de
1284 1669 1338 1733 Fi-

318 1774 413 1838 nibus
436 1779 501 1854 est,
528 1774 595 1838 ulla
615 1797 714 1840 causa
736 1781 823 1858 erat,
855 1798 912 1841 cur
934 1797 1026 1842 suam
1047 1775 1240 1842 sententiam
1261 1771 1338 1838 alie·

319 1878 369 1942 nis
402 1879 547 1961 personis
582 1879 736 1944 tuendam
776 1879 938 1961 traderet,
981 1902 1079 1964 penes
1117 1899 1197 1964 quas
1235 1876 1338 1959 ipsius

319 1981 519 2064 principatus
544 1989 638 2047 esset.
684 1983 790 2060 Quum
819 1989 929 2048 autem
956 1983 990 2048 in
1019 1984 1111 2049 libris
1141 1983 1181 2048 de
1203 1980 1338 2046 Finibus

318 2103 359 2149 ex
381 2085 568 2150 Aristotelio
588 2107 677 2151 more
698 2087 768 2168 ipse
789 2086 951 2169 loquatur,
974 2088 1007 2151 in
1028 2086 1120 2153 libris
1143 2087 1183 2152 de
1200 2086 1338 2150 Oratore

320 2195 446 2270 contra,
476 2211 557 2272 quos
583 2196 616 2254 et
637 2191 726 2272 ipsos
752 2191 939 2257 Aristotelio
969 2213 1058 2257 more
1085 2213 1106 2257 a
1132 2211 1167 2256 se
1199 2190 1338 2273 scriptos

319 2311 390 2355 esse
412 2290 490 2356 dicit
504 2291 575 2376 ¹⁵⁶),
598 2293 810 2375 quaesiveris,
834 2293 992 2376 quomodo
1015 2294 1182 2360 Krisohius
1205 2293 1338 2358 alterius

320 2415 392 2459 cum
420 2396 523 2461 altero
552 2396 622 2461 loco
651 2396 896 2479 repugnantiam
929 2398 1120 2463 susttderit?
1141 2435 1186 2446 -
1207 2397 1250 2461 At
1280 2397 1338 2461 mi·

319 2501 404 2564 nime
427 2501 571 2581 sustulit,
603 2500 752 2584 reliquit,
784 2501 866 2566 dixit
888 2500 1008 2583 aliena,
1040 2503 1145 2587 ips'am
1173 2523 1243 2567 rem
1273 2521 1340 2565 non

319 2606 437 2688 tetigit.
481 2606 565 2670 Nam
587 2605 673 2689 quod
695 2605 860 2689 dicit157),
883 2604 1068 2672 Ciceronem
1092 2610 1160 2692 jam
1182 2608 1280 2670 antea
1301 2603 1351 2668 in'

319 2708 412 2775 libris
434 2710 500 2776 suis
523 2711 563 2776 de
579 2710 717 2776 Oratore
741 2710 892 2776 confectis
914 2711 1137 2778 Aristotclium
1160 2732 1195 2776 se
1216 2729 1340 2774 morem

319 2818 462 2879 secutum
488 2835 557 2879 esse
580 2814 789 2898 significasse,
824 2815 872 2880 ita
898 2820 1005 2880 tamen
1036 2820 1073 2881 nt
1099 2817 1134 2880 in
1156 2815 1341 2880 universum

318 2917 398 2982 nihil
420 2919 483 2983 nisi
505 2917 666 3001 dialogum
688 2918 738 2983 vel
759 2918 867 3001 potius
895 2918 1013 3001 dialogi
1038 2918 1174 2983 formam
1202 2917 1243 2980 ab
1266 2917 1340 2981 Ari·

319 3023 435 3088 stotcle
457 3045 491 3089 se
513 3029 696 3088 mutuatum
708 3022 907 3102 indicaverit,
930 3021 1108 3087 Aristotelii
1123 3022 1232 3101 moris,
1256 3041 1340 3104 quae

317 3144 394 3190 vera
416 3127 459 3190 sit
481 3127 583 3207 ratio,
606 3127 787 3192 accuratius
810 3127 937 3192 demum
959 3124 1116 3189 declarari
1136 3123 1170 3188 in
1192 3122 1342 3205 Epistola

320 3228 362 3293 ad
384 3229 528 3296 Atticum
542 3230 617 3315 ¹⁵⁸),
641 3251 679 3296 aa
702 3231 831 3294 minime
854 3234 948 3293 erunt
970 3225 1139 3311 ejusmodi,
1166 3226 1341 3310 inquibus

320 3333 525 3416 acquiescas,
556 3334 584 3399 si
605 3355 660 3416 ea,
685 3355 768 3418 quae
789 3332 885 3397 modo
908 3330 948 3396 de
970 3335 1042 3394 tota
1063 3328 1156 3414 hujus
1179 3317 1345 3414 quaestio-¹

215 3495 218 3502 .
319 3436 370 3500 nis
394 3436 582 3502 difficultate
605 3438 758 3518 diximus,
782 3435 940 3518 respicere
962 3431 1110 3497 uolueris.
1156 3434 1262 3518 Atque
1292 3455 1340 3524 re-

319 3559 396 3604 vera
422 3541 533 3606 eodem
558 3539 625 3605 fere
653 3541 747 3605 modo
777 3543 844 3624 jam
878 3541 953 3601 ante
984 3535 1167 3624 Krischium
1198 3541 1342 3603 Statorius

318 3643 420 3707 totius
443 3643 639 3727 quaestionis
661 3642 780 3707 nodum
803 3638 924 3704 solvere
958 3640 1136 3706 studuerat.
1189 3643 1273 3708 Nam
1304 3647 1342 3708 ut

273 3795 276 3806 ,
322 3745 362 3809 de
385 3744 505 3810 Stahrii
527 3766 653 3829 quoque
676 3743 835 3810 sententia
855 3742 1034 3826 videamus,
1068 3747 1115 3811 rei
1144 3749 1247 3832 ipsius
1270 3767 1341 3831 gra·

320 3849 421 3912 vitate
445 3848 662 3914 admonemur.

321 3965 529 3974 -—.-—----

396 4026 503 4094 151)1.
522 4044 542 4078 c.
565 4042 606 4092 pp.
628 4025 659 4077 12
678 4041 728 4091 sqq.
755 4036 777 4076 a
794 4041 818 4091 p.
840 4026 879 4077 rs.
1082 4029 1146 4097 155)
1165 4031 1230 4090 1111,
1251 4029 1298 4089 re,
1317 4028 1343 4078 4.

324 4097 438 4222 qaia
458 4099 531 4150 ram.
552 4100 577 4160 1,
597 4099 629 4160 s,
649 4097 691 4148 23.
838 4097 901 4166 151)
921 4101 945 4151 1.
964 4117 982 4150 c.
1002 4117 1025 4165 p.
1047 4100 1087 4151 13.
1200 4099 1264 4167 158)
1282 4101 1342 4160 1111,

365 4207 372 4232 ,
411 4207 418 4222 .
