2966 5072
669 495 708 558 21

167 679 208 724 ex
230 659 336 726 altero
358 667 471 756 evocet
497 669 531 727 el
551 683 753 730 verumesse
776 661 909 746 probet,
943 661 1031 748 quod
1060 669 1097 728 ut
1128 663 1198 748 ipse

166 761 253 828 aller
274 785 450 848 numquam
471 767 506 831 iu
527 787 561 831 se
582 765 701 848 latere,
724 769 772 832 ila
793 787 833 832 ne
855 787 965 832 verum
987 767 1118 851 quidem
1140 773 1199 834 aul

166 867 406 936 eoncedendum
430 891 500 936 esse
522 873 695 956 putaverit.
750 871 802 940 Sic
825 891 934 937 omnes
963 871 1031 938 fere
1052 871 1198 938 Platonis

165 970 287 1056 dialogi
318 973 459 1040 ethicum
491 975 652 1059 quondam
685 995 849 1042 recessum
887 974 1025 1056 habent,
1061 995 1101 1040 ex
1134 997 1196 1060 quo

164 1075 258 1142 initio
281 1085 492 1158 enascuntur,
527 1100 654 1164 quoque
676 1085 832 1164 tunquam
857 1080 900 1146 ad
923 1099 1125 1145 communem
1145 1099 1196 1144 ar·
1263 1087 1265 1092 '

165 1189 390 1266 gumeulorum
431 1183 540 1250 sedem
582 1182 741 1250 referendi
781 1189 872 1264 sunl,
919 1182 974 1266 qui
1007 1182 1064 1249 ubi
1096 1182 1196 1264 deest,

165 1285 328 1370 dialogum
356 1288 462 1372 ipsum
485 1287 611 1354 Platoni
641 1287 810 1354 molestum
838 1293 872 1353 el
892 1286 1129 1353 incommodum
1150 1288 1197 1353 fa·

164 1395 252 1456 ctum
270 1396 303 1456 el
321 1390 389 1456 sere
405 1391 564 1476 abjectum
587 1411 658 1457 esse
681 1391 935 1458 animadvertere
956 1391 1194 1475 possumusss).

231 1495 339 1578 Atque
373 1494 434 1560 hoo
467 1501 534 1574 est,
568 1494 655 1578 quod
688 1493 831 1560 Socratis
861 1495 999 1562 maxims
1028 1497 1194 1579 proprium

162 1599 264 1664 misse
285 1598 438 1682 legimus,
472 1601 528 1682 qui
549 1599 616 1665 fere
638 1621 705 1666 nou
731 1599 794 1666 nisi
821 1600 862 1665 de
883 1601 1004 1666 virtute
1027 1600 1131 1684 deque
1153 1601 1193 1668 iis

162 1702 280 1783 rebus,
310 1723 394 1788 quae
415 1703 459 1772 ad
481 1723 551 1768 eam
572 1704 787 1786 pertinerent,
817 1703 976 1769 disserere
998 1702 1124 1769 solebat
1136 1704 1192 1788 44).

163 1805 216 1872 Sic
238 1807 403 1892 dialogus,
428 1809 484 1892 qui
505 1809 694 1874 inscribitur
718 1813 852 1891 Goryior
874 1813 907 1872 el
929 1805 969 1872 de
991 1813 1063 1872 arte
1084 1805 1193 1873 rheto-

163 1912 231 1978 riea
253 1919 314 1994 est,
335 1919 464 1979 tautum
487 1912 589 1994 abest,
612 1918 650 1978 ul
665 1915 733 1999 ejus
750 1911 921 1978 discendae
936 1909 1191 1994 praecepisset,

162 2022 200 2082 ul
221 2021 369 2082 oratores
390 2014 583 2084 deridendos
606 2016 668 2084 sibi
690 2016 785 2082 Plato
807 2016 1013 2100 proposuisse
1032 2015 1191 2098 videatur,

162 2125 251 2184 certe
273 2120 376 2186 eade
397 2141 514 2202 eausa,
548 2121 635 2204 quod
664 2119 705 2184 ad
735 2119 824 2186 aliud
847 2119 971 2205 quidvis
993 2121 1096 2204 magis
1119 2126 1191 2186 arte

164 2223 345 2305 rhetorica,
377 2245 476 2306 quam
505 2224 548 2290 ad
570 2223 708 2307 probum
729 2223 965 2310 honestumque
988 2227 1191 2311 probandum
1302 2231 1307 2238 '

163 2329 307 2396 homines
329 2329 380 2394 uli
401 2327 541 2394 videbat.
586 2327 685 2392 Etis
706 2327 834 2412 dialogo
844 2327 890 2394 de
904 2333 1075 2412 Republica
1087 2333 1190 2416 magis

162 2441 213 2500 est
232 2433 308 2500 idea
329 2433 418 2514 boui,
443 2453 539 2516 quam
562 2431 718 2514 civitatis,
741 2429 784 2500 sd
807 2453 903 2518 quem
925 2453 1049 2502 summu
1071 2435 1189 2518 dialogi

161 2535 342 2602 revocanda
364 2534 472 2622 sit45).

226 2639 278 2706 Ad
298 2639 379 2706 talia
400 2639 589 2724 explicanda
611 2642 682 2725 quis
698 2647 794 2726 neget
809 2641 971 2727 dialogum
986 2643 1189 2726 aptissimum

161 2745 256 2812 esse?
302 2742 424 2810 (loulra
446 2766 528 2830 quae
556 2744 701 2812 homines
730 2743 782 2812 vel
809 2747 933 2813 tradita
965 2748 1007 2813 ab
1039 2747 1112 2812 aliis
1138 2747 1188 2813 vel

160 2850 223 2932 ipsi
256 2849 456 2933 experientia
489 2855 522 2914 el
562 2871 623 2916 usu
661 2849 766 2916 edooti
806 2851 934 2917 aliunde
971 2851 1186 2934 adsciverunt,

159 2975 306 3040 quaeque
327 2953 378 3020 his
399 2953 498 3020 rebus
521 2953 612 3020 dueti
632 2961 767 3038 egerunt
789 2961 822 3022 el
851 2957 993 3036 omniuo,
1025 2977 1109 3040 quae
1137 2957 1185 3022 hi·

158 3061 260 3126 storia
282 3058 442 3142 magistra
463 3056 660 3138 didicerunt,
691 3079 775 3142 quas
805 3059 1070 3143 observaverunt,
1105 3082 1184 3145 quas

157 3185 257 3232 novas
280 3168 370 3228 arles
391 3163 592 3244 inreuerrmt,
614 3165 658 3237 ul¹
673 3161 715 3229 ab
737 3164 831 3230 iuilio
849 3185 914 3232 nou
927 3166 1083 3252 ejusmodi
1098 3173 1183 3249 sunl,

156 3289 242 3355 quae
270 3267 371 3334 insila
400 3271 434 3332 el
462 3265 629 3332 recondita
657 3265 691 3332 in
719 3267 873 3336 interiore
902 3269 1065 3336 hominum
1099 3291 1183 3358 oom-

155 3375 246 3442 muni
268 3372 465 3440 oonsoianlia
485 3369 619 3452 lateant,
641 3371 690 3437 ita
711 3393 771 3439 uee
791 3373 1021 3459 interrogando
1036 3380 1094 3440 aut
1108 3395 1183 3441 con·

156 3519 366 3532 ...n-...offla—

227 3613 277 3682 43)
295 3615 362 3666 Velut
380 3617 404 3666 lu
427 3616 528 3666 limo
545 3617 651 3682 aliisque.
695 3617 769 3668 lliuus
787 3617 848 3668 enim
866 3626 930 3668 reete
960 3617 1052 3675 dimus,
1075 3615 1129 3680 qui,
1156 3621 1181 3663 ut

153 3704 293 3758 Kanum
308 3705 333 3756 iu
353 3705 430 3756 libro:
448 3706 591 3770 Forsohuug.
609 3708 650 3757 sul
664 3706 688 3757 d.
707 3707 765 3758 oss.
786 3707 811 3756 d.
829 3709 869 3758 all.
888 3705 1036 3772 Philosophia
1054 3705 1103 3754 Vol.
1119 3703 1138 3754 l.
1156 3719 1179 3766 p.

155 3794 190 3846 18
213 3795 347 3856 Molonem,
375 3794 438 3859 quod
463 3795 488 3844 iu
506 3795 558 3846 istis
576 3795 673 3858 dialogis
690 3797 820 3847 scribendis
836 3797 943 3860 juvenilis
961 3795 983 3844 ei
1001 3793 1070 3844 uuiml
1090 3793 1179 3842 volubi-

151 3885 208 3935 ΙΙΙ
225 3881 294 3950 (‚,ds
311 3884 460 3948 jugeudlielrs
479 3883 807 3952 Geleulriglei1“)·dsluuil‚
835 3887 884 3936 lero
909 3884 1036 3934 movisse
1064 3881 1179 3942 dialogum

150 3981 258 4024 mma
471 4023 477 4033 ,

226 4059 276 4128 44)
295 4061 360 4112 Plau.
380 4059 456 4130 apol.
476 4075 514 4126 pp.
534 4061 578 4122 38,
597 4061 636 4124 Α;’
655 4061 686 4112 sl
708 4059 749 4124 '3'
767 4061 801 4114 ³0
819 4066 886 4128 lsq.
930 4059 1046 4130 Xenopd.
1066 4058 1139 4108 Han.
1160 4061 1178 4118 Ι,

154 4151 178 4211 Ι,
201 4149 243 4202 1⁶.
262 4148 365 4200 him.
386 4149 519 4219 Uelopdys
547 4151 596 4211 ΧΙΙ,
615 4151 642 4210 4,
659 4149 684 4202 ³.

225 4235 276 4306 45)
294 4239 430 4302 sus-ill
449 4239 473 4290 d.
492 4235 568 4304 godet.
586 4239 706 4291 Enlwlell.
726 4241 749 4292 d.
769 4243 827 4294 Plul.
845 4243 932 4296 Philus.
951 4240 977 4291 Τ.
996 4237 1025 4288 ΙΙ.
1043 4251 1066 4302 p.
1082 4235 1129 4288 64.
