2870 5076
264 363 276 394 Ι

695 347 983 468 ..90..1

223 575 398 663 appetibile
419 573 498 640 illud
513 583 546 640 et
561 574 732 659 cogitabile
754 595 806 638 res
829 595 898 639 esse
922 583 1014 638 exue
1035 594 1093 638 nos
1116 571 1247 659 positas,
1268 594 1286 636 a
1305 569 1362 657 qui·

223 684 283 750 bus
307 685 398 772 quasi
421 685 619 752 attrahamur
637 693 669 748 et
686 683 873 749 alliciamur.
907 683 1023 770 Neque
1047 683 1158 768 negari
1182 689 1292 768 potest,
1311 681 1363 744 hoc

225 796 250 858 si
273 819 383 860 verum
407 795 457 876 sit,
486 815 642 860 summam
667 773 832 860 doctrinae
854 791 1069 868 Aristoteleac
1090 791 1285 857 labefactari.
1326 791 1364 855 At

223 928 321 990 supra
353 906 429 969 satis
465 904 700 968 demonstrasse
737 903 829 968 nobis
867 902 1014 982 videmur
1050 900 1264 986 intellegenda
1300 923 1360 966 esse
1418 904 1419 982 1

224 1013 351 1078 obiecta
373 1013 534 1100 appetitus
558 1022 590 1078 et
613 1012 830 1099 cogitationis,
859 1022 1018 1099 quatenus
1047 1011 1078 1075 in
1106 1011 1200 1076 nobis
1228 1011 1303 1100 ipsis
1328 1010 1365 1075 in
1418 1065 1419 1070 ,

225 1123 297 1206 sint,
322 1125 353 1187 h.
371 1145 399 1186 e.
423 1133 581 1210 qnatenus
605 1123 796 1210 cogitentur.
843 1121 957 1208 Itaque
981 1121 1008 1184 si
1031 1121 1110 1187 deus
1133 1131 1243 1187 movet
1264 1121 1364 1186 eodem

225 1255 288 1318 quo
311 1232 485 1320 appetibile
508 1231 612 1312 modo,
636 1245 744 1298 movet
767 1231 968 1318 cogitationis
991 1231 1101 1312 instar,
1128 1253 1211 1318 quae
1233 1232 1301 1320 ipsa
1320 1231 1366 1295 im·

225 1351 311 1406 mota
333 1341 508 1429 appetitum
533 1352 565 1407 et
587 1341 728 1429 corporis
751 1352 871 1406 motum
895 1341 1089 1406 suscitatae
1113 1341 1304 1406 moderatur.
1419 1367 1420 1388 1

310 1449 375 1518 Sed
397 1452 493 1516 liceat
514 1451 738 1516 nonnullorum
762 1435 878 1515 afferre
893 1449 1078 1516 sententias.
1112 1453 1222 1539 Atque
1236 1450 1366 1536 incipere

225 1561 314 1626 lubet
346 1584 365 1626 a
391 1561 605 1644 Ravaissone,
639 1559 767 1626 homine
801 1561 828 1626 F
830 1560 1056 1648 ranoogallico.
1101 1560 1134 1624 Is
1171 1559 1366 1626 Aristotelem

224 1680 316 1756 putat
339 1670 432 1736 deum
458 1671 651 1757 cogitantem
674 1671 780 1736 facere
803 1669 847 1736 nil
862 1671 924 1734 nisi
938 1681 1040 1736 semet
1054 1671 1169 1757 ipsum.
1205 1671 1260 1735 Ait
1276 1671 1366 1734 cuim:
1420 1720 1421 1734 ,

226 1780 487 1866 „L'intclligeuoc
514 1803 555 1845 ue
582 1793 660 1867 peut
690 1778 772 1844 donc
799 1801 857 1865 pas
888 1778 960 1865 plus
989 1785 1058 1846 etro
1087 1779 1251 1860 stu-dossus
1283 1781 1366 1868 qu’au

225 1888 356 1956 dcssous
380 1887 419 1954 de
442 1912 499 1954 son
521 1889 625 1976 objet:
654 1890 714 1956 elle
736 1897 794 1954 'cst
816 1894 835 1954 a
857 1889 1036 1954 ellememe
1058 1913 1115 1954 son
1139 1888 1226 1967 objet
1247 1891 1365 1977 unique.

224 2000 269 2064 Et
296 2021 335 2064 cn
365 2001 454 2080 effct,
482 2001 508 2064 si
535 2000 689 2065 l’idcntite
719 1999 759 2064 de
787 1998 1013 2084 l'intelligence
1041 2009 1074 2066 et
1103 2001 1142 2064 de
1169 1999 1366 2086 l'intclligible

225 2117 273 2174 est
297 2107 375 2172 dana
398 2109 506 2174 l'unite
529 2108 639 2196 simple
663 2110 735 2174 d'un
759 2109 828 2174 seul
852 2118 884 2174 et
907 2115 1011 2174 meme
1026 2118 1107 2190 acte,
1132 2121 1291 2176 comment
1310 2109 1367 2174 l’in-
1421 2126 1422 2152 ¹

224 2217 393 2304 telligenca
423 2218 554 2284 absolue
582 2219 797 2306 pourraitclle
826 2239 941 2304 penser
969 2227 1062 2282 autre
1084 2219 1180 2284 chose
1202 2243 1264 2308 quc
1285 2221 1366 2284 l’acte

225 2327 279 2415 qui
306 2328 364 2392 fait
390 2333 409 2393 a
439 2330 471 2392 la
497 2329 558 2394 fois
584 2339 654 2394 tout
675 2329 764 2393 l'ctre
788 2327 906 2392 deson
930 2327 1018 2413 objet
1040 2339 1072 2392 et
1094 2338 1164 2394 tout
1185 2353 1244 2396 son
1267 2333 1366 2395 etret

177 2479 182 2498 .
225 2438 424 2503 elle-meme?
452 2437 480 2502 Il
503 2439 554 2524 n'y
577 2462 596 2502 a
623 2438 706 2503 dono
728 2437 797 2502 rien
825 2437 906 2502 dans
928 2437 1151 2524 l'intclligenoe
1180 2440 1367 2528 speculative

225 2570 265 2614 ou
289 2548 431 2631 absolue,
455 2570 518 2635 quc
540 2549 664 2614 l’action
688 2549 728 2612 de
751 2548 783 2612 la
804 2551 923 2635 penate
947 2551 1001 2637 qui
1024 2571 1058 2614 se
1074 2569 1175 2635 pense
1199 2550 1367 2618 elle-meme

224 2681 297 2724 sans
326 2658 540 2744 changemcnt
567 2681 690 2724 comme
722 2681 796 2724 sans
825 2681 938 2744 repes,
965 2668 997 2722 et
1025 2659 1055 2722 la
1078 2665 1199 2747 penseo
1222 2659 1367 2726 veritable

224 2779 273 2834 cst
294 2769 326 2833 la
348 2773 468 2856 pensae
490 2769 530 2834 dc
552 2771 583 2834 la
605 2769 788 2856 penseo¹).“
835 2771 944 2855 Atque
966 2769 1036 2832 loco
1059 2768 1137 2834 alio:
1166 2771 1268 2856 „Mais
1291 2769 1367 2835 Dieu

223 2901 264 2944 ne
287 2901 321 2944 se
344 2879 427 2944 mele
450 2903 507 2967 pas
523 2903 605 2968 pour
621 2879 691 2944 cela
705 2902 745 2943 au
762 2876 887 2960 monde,
911 2880 989 2943 dans
1013 2880 1059 2944 les
1075 2878 1206 2965 regions
1228 2880 1266 2946 de
1286 2881 1367 2944 l'tme

223 3013 288 3054 non
312 2990 469 3077 plusque
493 2989 572 3054 dans
596 2989 692 3054 celles
715 2987 756 3052 de
777 2988 914 3075 l’eepace
937 2999 968 3053 ct
992 2989 1048 3054 des
1071 3012 1181 3077 eorps3
1211 2991 1295 3056 Dicu
1322 2987 1367 3052 de·

224 3122 333 3164 moure
360 3109 430 3164 tout
461 3121 499 3164 en
523 3099 699 3179 lui-meme,
729 3110 761 3162 ct
790 3098 822 3163 la
848 3102 968 3187 pensae
991 3097 1032 3162 de
1053 3100 1085 3164 la
1107 3104 1226 3187 pensae
1249 3124 1287 3168 ne
1308 3105 1367 3164 sort

224 3232 281 3297 pas
310 3208 349 3274 de
376 3209 407 3272 la
437 3208 621 3297 pens6c²).“
666 3209 782 3296 Itaque
810 3220 958 3276 naturam
986 3209 1078 3296 quasi
1105 3209 1247 3297 seiungit
1272 3233 1291 3274 a
1315 3207 1366 3272 deo

225 3329 322 3405 atque
349 3320 417 3384 vult
444 3320 531 3386 illam
555 3342 624 3386 osse
647 3321 712 3384 vim
738 3317 919 3406 providam,
949 3341 1031 3407 quae
1062 3319 1171 3386 omnia
1200 3320 1315 3386 afliciat
1334 3338 1367 3380 ac

224 3440 371 3517 procreet
393 3431 653 3502 rationesummi
675 3429 751 3495 boni
774 3429 896 3512 habits,
918 3455 937 3494 a
959 3453 1022 3518 quo
1046 3429 1236 3496 attrahatur.
1281 3425 1366 3506 Quod

108 3602 111 3608 .
224 3540 300 3606 satis
328 3543 533 3625 cognoscitur
560 3565 600 3606 ex
629 3541 691 3606 his:
725 3540 828 3626 „Mais
856 3542 897 3607 de
924 3548 1029 3612 memo
1057 3561 1120 3626 que
1147 3562 1185 3604 ce
1213 3540 1292 3607 n'est
1317 3559 1367 3625 pas

224 3650 309 3715 Dieu
339 3649 393 3738 qui
422 3672 521 3736 penae
549 3662 619 3716 tout
647 3673 684 3716 oc
713 3650 768 3736 qui
796 3661 845 3716 est
867 3663 958 3718 autre
980 3674 1043 3738 que
1065 3674 1102 3716 sa
1122 3654 1242 3737 pensee
1264 3639 1378 3724 memes

225 3761 266 3825 de
287 3765 391 3826 meme
415 3782 451 3826 oe
474 3761 553 3826 n’est
574 3783 632 3848 pas
653 3762 696 3828 lui
720 3764 774 3850 qui
793 3764 936 3828 ordonna
959 3785 1039 3850 pour
1062 3762 1226 3826 lui-meme
1249 3768 1316 3825 tout
1336 3777 1367 3820 ca

226 3871 352 3959 quicst
375 3881 466 3938 autre
489 3893 551 3959 quc
573 3872 628 3937 lui.
670 3870 717 3938 Ge
738 3873 818 3939 n'est
841 3897 898 3960 pas
919 3874 952 3938 la
973 3871 1079 3938 raison
1102 3871 1299 3956 speculative
1320 3865 1367 3955 qui

225 3981 367 4069 dispose3
398 3984 474 4048 c'est
500 3983 532 4048 la
558 3981 663 4050 raison
693 3984 855 4072 pratique,
882 3984 914 4048 la
942 3986 1063 4070 peneto
1091 3981 1203 4046 artiste
1226 3993 1259 4048 et
1279 3975 1369 4046 archi·

225 4180 271 4231 καὶ
290 4175 370 4230 οὐσία
389 4180 435 4230 καὶ
454 4178 576 4248 ἐνέργεια
596 4175 675 4232 οὖσα.
697 4185 767 4235 κινεῖ
784 4179 815 4233 δὲ
834 4165 888 4233 ὧδε
905 4177 935 4232 τὸ
949 4175 1071 4250 ὀρεκτόν,
1090 4174 1291 4244 κα1τὸνοηιόν
1308 4175 1369 4227 κινεῖ

226 4264 257 4318 οὐ
278 4261 452 4337 κινούμενον.

301 4356 318 4423 ¹)
337 4355 416 4407 Felix
434 4357 591 4410 Ravsisson.
628 4359 705 4410 Essai
724 4374 769 4409 sur
786 4357 812 4408 la
831 4356 1033 4423 Mttaphysiquo
1052 4356 1200 4410 d’Aristote.
1220 4358 1240 4408 1.
1259 4371 1283 4422 p.
1296 4357 1348 4404 585.

300 4443 472 4512 utpma
