2950 5076
550 443 779 509 -115-

173 613 203 680 E
231 613 346 702 quibus
379 615 518 679 menime
553 611 821 678 considerandum
856 621 892 677 et
917 610 1169 678 examinandum
1194 613 1245 676 es't

93 723 310 790 eunuciatumr
327 721 404 789 duri
423 722 481 790 καὶ
499 718 519 811 ἡ
534 716 638 812 ἡδονή
655 721 804 810 ἐνέργεια
817 715 949 788 τούτου.
980 720 1074 800 Quae
1096 719 1242 786 codicum

91 833 184 900 verbe
199 833 226 898 ri
241 831 425 911 retinemus,
446 834 479 898 id
499 833 586 921 quod
602 833 799 913 Brundisino,
816 833 997 914 Bekkerur,
1017 830 1243 917 Schweglerus

91 945 247 1026 iecerunt,
280 943 514 1029 argumentatio
547 951 597 1008 eet
626 941 724 1008 hoec:
756 943 848 1009 Deus
881 965 1011 1029 semper
1041 941 1143 1008 utitur
1175 939 1242 1006 uite

90 1053 222 1140 optimu,
256 1075 330 1119 oum
358 1051 453 1118 etiem
485 1052 634 1138 voluptes
670 1062 760 1118 actus
791 1053 860 1118 eius
890 1054 942 1120 sit.
986 1051 1241 1139 [Schwegierurr

91 1164 159 1248 ,Du
190 1163 273 1227 euch
301 1162 359 1228 dns
385 1163 587 1249 Vergnttgeu
620 1161 672 1226 eiu
707 1161 862 1240 eotueiler
889 1162 1034 1228 Zurtund
1070 1161 1240 1229 desselben

89 1270 167 1359 ist“]
201 1272 269 1338 Sed
291 1272 376 1337 unde
390 1273 510 1337 seium
525 1271 722 1358 voluptutem
747 1293 817 1336 esse
839 1271 978 1338 numinis
995 1271 1094 1336 divisi
1109 1270 1246 1338 uotnm‘i'

90 1381 199 1469 itaque
221 1383 381 1446 sententie
400 1380 489 1468 prior
504 1381 731 1468 comprobatur
745 1380 856 1458 altera,
880 1403 963 1468 quee
979 1392 1012 1447 et
1025 1381 1098 1469 ipsu
1112 1381 1242 1446 demon·

89 1491 214 1559 strande
235 1502 294 1558 eet.
339 1489 476 1556 Accedit
495 1491 583 1578 quod
606 1490 767 1577 quomodo
791 1491 871 1555 neec
891 1501 925 1556 et
944 1515 982 1557 eu
998 1513 1082 1579 quae
1104 1511 1246 1577 sequen·

90 1615 135 1668 tur
160 1604 245 1668 iuter
272 1625 308 1666 ee
336 1601 537 1666 conectende
566 1600 631 1664 sint
657 1600 746 1665 nulio
774 1600 871 1668 modo
894 1599 1102 1686 intellegitur.
1144 1599 1244 1678 Qure

90 1713 166 1778 eniru
189 1723 240 1778 est
261 1709 492 1776 sententiarum
515 1707 722 1776 cohaerentia
743 1710 838 1774 hoec:
869 1711 960 1775 Deus
988 1731 1117 1797 semper
1139 1710 1240 1776 utitur

90 1822 150 1886 ritu
170 1823 303 1910 optime,
326 1842 398 1885 oum
420 1819 516 1884 etiem
540 1819 687 1904 voluptas
709 1829 801 1885 ectus
823 1821 891 1884 eius
907 1821 963 1900 sit;
986 1831 1085 1907 etque
1098 1819 1140 1884 ob
1155 1819 1240 1886 huuc

90 1955 212 1997 causum
241 1929 473 2018 expergefieri,
501 1927 685 2016 percipere,
713 1927 858 2014 cogitare
878 1927 1143 1996 iucundissimum
1166 1928 1240 1994 est?

90 2041 166 2107 Nam
189 2040 373 2128 expergisci
395 2050 428 2105 et
450 2037 620 2126 percipere
634 2061 754 2102 uurnen
774 2037 918 2104 divinum
933 2039 1021 2104 nuilo
1036 2041 1132 2106 modo
1147 2039 1240 2106 attiu-

89 2165 178 2234 guut,
208 2171 314 2238 neque
342 2150 416 2216 inde
445 2147 532 2236 quod
554 2146 634 2213 dous
661 2170 791 2236 semper
812 2159 921 2214 ututur
942 2149 1108 2236 voluptete
1130 2171 1240 2214 conse·

90 2263 206 2349 quitur,
228 2274 265 2327 ut
287 2257 517 2346 expergefieri,
540 2258 725 2343 percipere,
748 2258 892 2345 cogitare
914 2258 1096 2325 homiuibus
1117 2257 1238 2346 aliquid

89 2387 209 2456 gratum
237 2372 280 2436 sit
306 2391 345 2435 ec
371 2365 557 2434 iucundum.
603 2368 718 2456 Ite-que
739 2367 771 2432 iu
795 2367 904 2432 verbis
926 2368 1034 2456 quelie
1054 2379 1183 2434 exsteut
1203 2366 1239 2434 iu

89 2484 246 2549 codicibus
261 2479 467 2568 acquiescere
483 2500 546 2542 non
564 2501 744 2563 possumus.
779 2477 901 2544 Contra
912 2477 1100 2544 Alexander
1112 2478 1238 2566 Aphro-

90 2590 229 2659 disiensis
246 2603 278 2656 et
292 2586 488 2655 Themistiue
509 2587 541 2651 in
564 2585 654 2650 libris
678 2586 794 2673 quibus
816 2587 865 2654 usi
888 2597 963 2653 suut
983 2587 1134 2654 videntur
1148 2612 1238 2676 repe·

92 2701 175 2768 riute:
208 2699 283 2768 ἐπεὶ
310 2699 366 2764 καὶ
396 2693 498 2784 ἡδονὴ
527 2692 547 2783 ἡ
578 2695 727 2782 ἐνέργεια
753 2691 885 2762 τούτου.
931 2701 1040 2783 Atque
1074 2699 1170 2765 etiem
1201 2697 1234 2765 in

91 2810 248 2879 Ecodice
278 2810 476 2897 adscriptum
504 2821 566 2874 eet:
605 2832 643 2893 γρ
672 2806 728 2872 καὶ
756 2802 860 2894 ἡδονὴ
888 2800 908 2894 ἡ
937 2801 1097 2891 ἐνέργεια.
1143 2808 1236 2886 Quae

90 2921 193 2989 codem
208 2923 359 3006 leguntur
374 2919 406 2984 in
423 2919 562 2984 editione
576 2917 693 2984 Aldine
709 2927 742 2983 et
757 2918 985 3005 Syiburgieua‚
1007 2928 1040 2982 et
1059 2918 1182 3004 recepit
1196 2941 1237 2983 ee

90 3029 259 3097 Bonitzius.
303 3033 340 3096 Iu
365 3053 459 3117 quern
482 3030 612 3096 modum
635 3032 661 3094 ti
684 3029 785 3094 verbu
808 3028 1046 3109 constituimus,
1073 3029 1235 3093 sententie

88 3143 207 3208 exsistit
227 3143 323 3206 iruec:
347 3142 437 3205 Deus
458 3139 526 3204 uite
547 3139 647 3203 utitur
669 3138 798 3225 optima,
821 3163 892 3203 cum
916 3137 1011 3202 etiem
1036 3137 1234 3225 voluptatem

88 3265 171 3316 ectus
192 3251 261 3316 eius
284 3249 409 3316 efferet.
455 3245 520 3314 Sed
549 3259 617 3314 tum
646 3271 774 3336 quoque
801 3249 1039 3334 argumentatio
1067 3248 1234 3328 claudicet,

88 3381 152 3428 cnut
176 3362 348 3426 sententie:
375 3368 482 3424 ectum
512 3356 564 3422 dei
587 3357 683 3424 etiam
707 3359 907 3447 voluptatem
927 3358 1061 3439 efferre,
1089 3379 1153 3422 nou
1175 3379 1236 3444 per

88 3491 117 3532 ee
142 3472 184 3536 rit
211 3481 299 3534 certo
325 3491 364 3533 ec
390 3469 493 3534 firme.
537 3468 654 3553 Neque
684 3467 843 3554 expositio
865 3479 942 3556 epte
961 3465 1110 3553 procedit
1131 3465 1172 3532 ed
1195 3487 1235 3532 ee

88 3601 163 3664 quae
183 3580 436 3667 subsequuntur:
466 3575 557 3662 (inci
585 3572 642 3642 καὶ
667 3570 771 3665 ἡδονή
795 3571 814 3666 ἡ
839 3574 987 3663 ἐνέργεια
1009 3574 1155 3664 retinen)
1176 3576 1235 3644 καὶ

87 3688 138 3758 dni
162 3695 264 3758 τοῦτο
290 3685 483 3777 ἐγρήγορσις
509 3683 673 3773 αἴσθησις
702 3685 816 3776 νόησις
843 3685 981 3776 ἥδιστον
1002 3691 1071 3757 κτλ.
1114 3686 1232 3775 „(Oum

88 3800 175 3868 etium
196 3804 394 3889 voluptutem
418 3811 509 3865 ectus
531 3797 600 3864 eius
621 3798 767 3885 efferat);
797 3809 895 3887 etque
920 3801 962 3866 ob
991 3802 1075 3865 hanc
1101 3819 1233 3863 causam

87 3911 306 4002 expergefieri,
335 3911 518 4000 percipere,
555 3909 699 3996 cogitare
732 3909 994 3977 iucundissimum
1032 3907 1110 3975 ert!
1155 3907 1232 3974 Non

87 4025 161 4090 euim
177 4024 264 4105 licet,
287 4021 318 4087 id
335 4021 421 4110 quud
436 4022 515 4088 iecit
530 4019 706 4102 Bonituius,
728 4019 788 4087 ded
802 4023 903 4086 τοῦτο
918 4017 1135 4107 interpretari:
1156 4017 1233 4106 quie

87 4121 103 4216 i
131 4127 275 4222 ἐνέργειά
305 4129 394 4200 ἐστιν
421 4125 543 4220 ἡδονή,
574 4154 646 4197 cum
676 4130 862 4196 antecedat:
891 4126 968 4198 ἐπεὶ
993 4127 1050 4196 καὶ
1078 4123 1181 4215 ἡδονὴ
1208 4121 1232 4215 'i

87 4237 225 4331 iripyern
246 4238 376 4310 τούτου.
421 4241 489 4310 Sed
516 4241 685 4308 verissimo
709 4241 833 4306 monuit
855 4237 1019 4306 Bonituius
1048 4236 1107 4306 deci
1132 4239 1236 4304 reiro

87 4351 277 4440 significare:
299 4353 376 4422 ἐπεὶ
396 4351 452 4420 καὶ
474 4345 578 4440 ἡδονὴ
598 4346 617 4438 ἡ
634 4351 794 4438 ἐνέργεια.
832 4352 946 4437 Iteque
961 4363 1097 4438 apparet
1110 4343 1233 4416 codron

87 4467 262 4548 genetivum
286 4466 458 4532 delendum
482 4485 563 4530 esee.
597 4463 670 4544 Quo
686 4465 772 4530 fecto
787 4460 891 4527 omnir
906 4458 938 4526 in
960 4461 1114 4528 hocloco
1135 4459 1235 4526 offen·

983 4571 1033 4636 ge
