2966 5072
853 538 894 604 34

359 698 549 784 videtur74).
585 699 619 769 Si
641 709 750 770 autem
771 704 852 770 nihil
873 706 989 774 tribuit
1010 704 1226 773 multitudinis
1245 705 1385 802 judiciis,

357 803 409 868 vix
430 804 642 886 intellexeris,
666 808 825 891 quomodo
847 810 1003 876 oonoedat
1025 808 1201 894 quidquam
1222 807 1387 876 hominum

358 928 424 971 non
450 908 576 974 rudium
599 916 692 975 extra
712 911 856 978 scholam
878 913 1098 978 communibus
1115 912 1313 978 sermonibus
1330 916 1388 976 aut

359 1010 558 1092 notionibus,
591 1012 676 1076 unde
704 1014 739 1078 in
764 1015 939 1102 judicando
962 1022 995 1081 et
1020 1015 1187 1082 sentiendo
1213 1014 1386 1080 multitudo
1416 1075 1418 1078 .

359 1113 548 1198 plerumque
569 1113 709 1197 pendere
732 1117 830 1201 solet,
859 1124 896 1185 ut
918 1119 1027 1202 hodie,
1063 1120 1108 1186 sic
1131 1126 1218 1185 certe
1240 1117 1387 1186 omnibus

359 1219 568 1302 temporibus.
619 1220 700 1318 Tum
731 1223 829 1288 etiam
857 1224 959 1308 ipsius
990 1224 1184 1290 sententiam
1214 1225 1283 1308 ipse
1308 1245 1386 1290 usus

359 1323 512 1407 loquendi
523 1324 663 1390 'minime
684 1326 829 1413 adjuvet,
853 1328 940 1394 velut
954 1329 1146 1395 ἐπέσκεπται
1157 1331 1215 1408 75).
1260 1329 1388 1396 Scilicet

360 1453 425 1496 non
450 1429 640 1494 ἐπέσκεπται
666 1431 701 1495 in
731 1432 951 1500 communibus
979 1431 1144 1500 hominum
1169 1457 1234 1501 non
1260 1435 1389 1502 rudium

363 1535 577 1615 sermonibus,
604 1535 661 1602 sed
682 1535 765 1600 tales
788 1536 933 1606 homines
957 1544 1049 1604 extra
1067 1539 1225 1620 scholam,
1260 1540 1287 1604 si
1310 1538 1388 1623 quid

361 1639 534 1724 plurimum
556 1641 756 1724 σκέπτονται,
788 1645 962 1728 disputaret,
996 1646 1184 1728 deliberant,
1209 1647 1389 1726 disceptant,

363 1753 528 1827 quaerunt,
551 1747 764 1828 speculantur,
787 1749 965 1829 loquuntur,
992 1769 1057 1812 non
1078 1752 1188 1813 autem
1210 1746 1390 1830 disputaue-

363 1852 440 1912 runt
461 1869 520 1913 neo
540 1847 641 1913 locuti
663 1856 747 1915 sunt.
792 1850 898 1936 Atque
919 1873 960 1918 ne
982 1853 1075 1918 decet
1100 1852 1230 1936 quidem
1250 1850 1389 1936 pbiloso-

363 1952 461 2037 phum
485 1952 678 2036 minimeque
699 1955 907 2020 Aristotelem
934 1955 1070 2022 aliorum
1101 1957 1162 2024 niti
1185 1955 1389 2033 auctoritate,

363 2057 427 2125 nisi
454 2062 530 2122 ante
557 2056 786 2139 exploraverit,
820 2059 941 2124 satisne
969 2080 1046 2123 uera
1075 2060 1156 2139 sint,
1192 2079 1274 2142 quae
1308 2057 1391 2122 alter

364 2163 493 2228 sentiat.
548 2161 678 2228 Falsum
711 2162 840 2230 omnino
879 2165 947 2248 ejus
981 2183 1051 2228 esse
1091 2163 1392 2244 interpretationem

316 2311 319 2316 -
365 2266 533 2350 intelliges,
547 2265 603 2331 ubi
617 2267 721 2350 ipsam
730 2286 799 2330 rem
812 2285 937 2332 mecum
952 2265 1134 2333 accuratius
1149 2264 1391 2332 examinaveris.

431 2367 565 2447 Quaeris
587 2370 701 2454 igitur,
740 2389 898 2452 quaenam
924 2369 967 2434 sit
995 2369 1079 2434 ratio
1109 2370 1171 2430 τῶν
1196 2367 1392 2452 ἐξωτερικῶν

366 2473 489 2566 loyor?
530 2473 600 2540 Hoo
627 2495 666 2540 ex
688 2472 768 2555 ipsis
795 2472 933 2538 maxime
962 2469 1217 2556 cognoscendum
1246 2493 1317 2540 esse
1339 2492 1391 2536 ar·

300 2594 302 2597 ’
365 2578 483 2659 bitror,
506 2599 605 2662 quum
627 2575 725 2643 etiarn
751 2576 872 2641 nostris
893 2576 1093 2659 temporibus
1121 2579 1248 2642 exstent
1269 2575 1392 2641 Aristo-

244 2691 260 2717 ·
364 2682 438 2748 telis
460 2681 639 2768 ἐξσπρικοῐ
660 2676 767 2760 λόγοι,
789 2681 909 2764 partim
928 2681 963 2746 in
979 2680 1082 2762 libris,
1106 2699 1185 2765 quos
1207 2679 1394 2746 eonomine

322 2851 323 2856 ,
364 2785 542 2870 signifieat,
579 2785 619 2850 ds
656 2784 772 2872 quibus
801 2783 886 2848 infra
922 2805 981 2866 suo
1017 2785 1087 2851 loco
1117 2784 1287 2851 dicendum
1320 2784 1393 2866 erit,

366 2890 423 2959 alii
445 2893 513 2976 ejus
536 2888 665 2973 seriptis
688 2887 875 2970 intermixti,
897 2888 985 2957 velut
1007 2890 1154 2973 quaestio
1176 2889 1216 2954 de
1237 2889 1393 2974 temporis

364 3001 483 3063 natura
510 2994 662 3060 instituta
683 3009 792 3080 φοσικ.
823 2992 956 3080 ἅκροασ.
978 2993 1037 3076 IV,
1073 2998 1112 3060 10
1135 3015 1198 3078 sq,
1228 2991 1286 3060 ubi
1308 2991 1396 3078 quod

367 3100 488 3168 mentio
517 3097 555 3164 fit
583 3097 777 3182 ἐξωτερικῶν
809 3096 930 3182 λόγων,
964 3099 1075 3166 statim
1101 3098 1298 3164 intellexeris
1330 3119 1395 3164 non

366 3204 420 3290 agi
442 3203 482 3268 de
502 3202 595 3271 libris
618 3202 669 3268 vel
696 3200 825 3284 scriptis
853 3201 1047 3285 quibusdam
1068 3201 1251 3268 Aristotelis
1279 3221 1317 3266 eo
1338 3221 1394 3268 no·

368 3307 453 3372 mine
475 3306 570 3388 notis,
594 3304 636 3371 ad
651 3325 733 3390 quae
752 3303 890 3371 lectores
911 3305 1104 3390 relegentur,
1128 3305 1184 3372 sed
1195 3305 1242 3372 ibi
1256 3304 1396 3389 aliquem

370 3410 554 3494 ἐξωτερικὸν
577 3408 672 3489 λόγον
694 3409 823 3474 institui
845 3409 960 3493 ipsum.
1005 3410 1063 3490 At,
1087 3409 1220 3490 dixeris,
1243 3407 1311 3472 uult
1331 3407 1395 3473 for·

336 3538 339 3548 ·
370 3520 458 3580 tasse
480 3533 635 3597 quaerere
655 3497 855 3579 Aristoteles
870 3512 910 3578 de
938 3512 1094 3597 temporis
1125 3518 1244 3578 natura
1263 3497 1397 3596 propter

443 3786 490 3857 rt)
508 3789 554 3840 Cir.
573 3789 638 3840 Eth.
652 3787 778 3839 Eudem.
798 3789 822 3849 l,
843 3787 867 3851 3,
887 3785 916 3839 2:
939 3784 1061 3858 ὀμοίως
1086 3785 1114 3839 δὲ
1138 3782 1243 3845 τούτοις
1267 3781 1330 3838 alut
1352 3783 1396 3844 τὰς

371 3875 422 3928 τῶν
439 3875 545 3929 πολλῶν
562 3876 609 3946 (sc.
623 3878 776 3929 ἐπισκοπεῖν
794 3875 857 3942 δεῖ).
876 3875 930 3941 εἰκῆ
947 3874 1001 3946 γὰρ
1008 3875 1116 3943 λέγουσι
1127 3873 1223 3945 σχεδὸν
1234 3873 1296 3944 περὶ
1309 3872 1396 3927 ἁπάν-

372 3985 432 4030 των,
448 3964 500 4023 κᾶν
517 3964 631 4036 μάλιστα
649 3965 711 4035 περὶ
729 3963 762 4036 ·Ι-
781 3965 946 4026 {nonmusios
969 3964 1068 4036 μόνος·
1089 3963 1188 4021 ἄτοπον
1207 3961 1261 4034 γὰρ
1279 3963 1395 4031 προσφέ-

374 4073 431 4126 ρειν
448 4053 532 4125 λόγον
557 4068 610 4114 τοῖς
627 4053 711 4125 λόγον
734 4052 819 4124 μηδὲν
842 4054 981 4128 δεομένοις
1006 4050 1074 4106 ἀλλὰ
1098 4051 1212 4114 πάθους.
1258 4051 1344 4122 (lorus
1369 4062 1394 4106 ut

373 4152 468 4210 apparet
487 4145 579 4204 mutilus
598 4153 676 4196 estet
695 4147 834 4208 comptus).
862 4146 891 4195 cl.
910 4147 974 4201 lltb.
992 4145 1099 4196 Nieom.
1119 4144 1143 4204 l,
1163 4143 1189 4204 t,
1208 4142 1224 4194 2
1243 4157 1279 4206 sq.
1346 4139 1393 4209 75)

374 4233 441 4283 Etb.
459 4233 577 4292 Eadem.
596 4233 616 4293 1,
634 4231 660 4294 8,
674 4233 699 4284 5.
