2996 5082
852 429 909 502 -70

264 679 267 684 .
321 623 419 706 cidere
440 625 562 703 possint,
589 625 614 684 si
638 645 676 685 ex
700 626 816 703 vulgari
839 626 1015 705 scriptorum
1037 624 1205 686 Atticorum
1223 645 1280 688 usu
1299 611 1406 686 ‘Aristo

217 773 219 782 .
250 742 254 750 ’
322 725 357 786 lis
380 725 472 818 libros
494 728 642 804 corrigere
665 735 815 790 conantur.
862 727 951 807 Apud
974 726 1166 788 Aristotelem
1203 737 1303 787 autem
1326 729 1407 807 parti<

320 827 379 888 lam
400 817 420 898 ,d
439 827 558 888 Platoni
580 827 836 890 familiarissimam
852 831 969 889 omnino
991 847 1049 888 non
1072 829 1197 890 inveniri
1220 838 1407 910 proptereau

320 929 444 989 offendit
465 929 546 1010 quod
568 919 585 998 ᾖ
608 950 673 989 eum
697 932 806 992 affeetu
829 930 958 1010 quodam
982 930 1142 1010 confirmet,
1174 930 1204 992 id
1228 931 1309 1010 quod
1331 932 1407 990 minii

322 1031 448 1110 quadrat
470 1031 508 1091 ad
532 1032 701 1092 Aristotelis
724 1019 842 1095 dicendi
864 1033 1017 1092 rationem.

405 1133 555 1194 Particula
589 1129 645 1190 τοί
657 1133 686 1212 *)
709 1120 858 1194 invenitur
890 1132 1010 1212 quidem
1044 1132 1123 1211 apud
1157 1133 1360 1207 Aristotelem,
1395 1151 1407 1192 s

320 1234 384 1312 ejus
414 1253 485 1292 usus
517 1235 625 1294 finibus
659 1236 750 1294 multo
785 1235 942 1295 artioribus
978 1255 1065 1314 qnam
1087 1235 1166 1314 apud
1190 1235 1308 1295 Atticos
1332 1236 1406 1294 circu

320 1336 446 1424 scriptus
468 1345 522 1398 est.
566 1331 697 1397 Piimum
731 1346 799 1416 poet
821 1327 863 1394 οὐ
895 1337 937 1396 ιιι
969 1336 1135 1411 adhibetur,
1170 1345 1202 1396 ut
1235 1335 1407 1400 restricticnr

319 1437 438 1510 indicet,
472 1457 559 1517 quarn
584 1437 705 1499 obrem
730 1439 876 1519 particula
909 1433 942 1516 γέ
974 1438 1085 1518 ubique
1107 1437 1234 1501 additur.
1280 1433 1407 1516 Antequr

319 1559 390 1598 vero
411 1539 491 1622 locos
519 1541 651 1617 singulos
675 1541 806 1616 afferam,
843 1561 908 1601 cum
931 1541 960 1599 in
983 1539 1134 1600 codicibus
1164 1541 1337 1619 saepissime
1360 1530 1407 1596 οὕι

239 1683 242 1694 .
321 1630 351 1701 et
374 1631 445 1698 οὔτι
467 1640 692 1715 confundantur,
714 1643 752 1705 cf.
776 1642 813 1701 F.
825 1641 863 1705 V.
875 1641 1040 1702 Fritzsebe.
1064 1643 1255 1722 quaestiones
1277 1643 1407 1702 Lucisne

255 1735 257 1742 ¹
319 1763 388 1822 pag.
410 1742 461 1818 20,
485 1745 634 1820 Hartung.
656 1744 676 1807 1.
698 1743 718 1806 l.
742 1743 784 1806 11.
808 1749 878 1823 pag.¹
902 1742 1110 1819 resersus,
1144 1744 1200 1803 hoe
1224 1743 1342 1803 videtur
1364 1763 1407 1822 prr

319 1844 494 1909 mittendum
513 1863 587 1919 esse,
624 1864 714 1902 ουτοι
747 1846 791 1905 ita
811 1846 922 1906 distare
944 1846 982 1906 ab
1005 1838 1086 1916 οὔτι,
1122 1853 1153 1905 ut
1175 1845 1248 1905 illud
1271 1845 1407 1904 sententia

320 1947 458 2024 restringi
482 1947 635 2023 significet,
660 1966 726 2012 eum
746 1943 780 2003 τί
801 1947 839 2007 ad
863 1939 901 2004 ori
923 1947 1024 2007 addito
1046 1947 1120 2040 nibil
1141 1947 1221 2010 eliud
1245 1948 1302 2007 nisi
1323 1947 1407 2026 parti<

320 2048 367 2108 lae
388 2051 526 2126 negantis
549 2049 596 2108 vis
616 2055 767 2129 prematur
777 2049 836 2123 l‘’l)
880 2050 987 2130 Itaque
1011 2027 1122 2122 Aetius,
1144 2050 1181 2108 ef.
1194 2049 1282 2109 lexic.
1306 2048 1383 2111 Plat
1404 2049 1407 2106 J

318 2171 388 2230 pag
411 2149 483 2225 493,
508 2170 600 2228 ρντοι
622 2151 725 2210 vertit:
760 2171 839 2225 „non
871 2153 972 2223 vero“‚
1006 2150 1107 2227 „baud
1135 2152 1239 2223 sane“‚
1273 2171 1407 2231 „neque

319 2253 417 2325 men‘,
450 2270 537 2311 ουτιι
572 2253 786 2332 „neutiquam“
789 2302 796 2329 ‚
832 2249 1115 2334 ,‚haudquaquam“.
1159 2251 1247 2313 Jam
1257 2252 1295 2312 de
1324 2254 1407 2328 singu

317 2354 391 2416 locis
405 2354 528 2414 facilius
550 2355 605 2414 erit
624 2355 770 2432 judicatu.
814 2357 889 2420 Pol.
912 2353 1003 2419 1315.
1027 2357 1095 2418 al
1080 2353 1137 2418 1οε
1170 2348 1226 2414 ἐοὶν
1257 2343 1350 2434 δᾶρα
1374 2374 1407 2409 τι

319 2451 370 2535 δέῃ
395 2459 526 2524 ποιῆσαι
546 2452 654 2538 μέγαν,
676 2451 770 2536 μήτοι
788 2451 829 2515 τό
852 2477 885 2536 γε
908 2448 984 2529 ἦθος
1005 2452 1133 2538 θρασύν
1154 2456 1271 2530 codices
1293 2466 1326 2516 et
1346 2454 1407 2514 edit

321 2578 373 2618 nes
396 2559 591 2621 consentiunt.
635 2559 770 2640 Metaph.
795 2555 885 2626 1035.
908 2581 937 2625 a.
956 2559 1012 2623 30:
1036 2548 1099 2617 ὅσα
1122 2555 1155 2617 δὲ
1179 2553 1218 2638 μὴ
1240 2554 1406 2627 σονείληπι

198 2661 219 2710 .'
321 2652 362 2739 τῇ
385 2648 443 2739 ὕλῃ
465 2651 536 2716 ἀλλ’
559 2653 633 2720 ἄνευ
652 2649 735 2740 ὕλης,
768 2653 810 2720 civ
839 2662 869 2719 oi
891 2655 981 2780 λόγρι
1001 2667 1063 2720 τοῦ
1085 2657 1184 2730 εἴδους
1203 2653 1315 2739 μόνον,
1336 2665 1406 2716 τάΐν

318 2756 385 2819 δὀὐ
407 2751 635 2843 φθείρεται,
619 2785 636 2833 η
661 2749 777 2834 ὅλως
760 2785 790 2834 η
802 2755 899 2822 adcor
917 2753 1001 2822 οὕτω
1025 2783 1058 2841 γε
1079 2759 1189 2846 (codex
1214 2759 1260 2822 Ab
1279 2771 1361 2822 recte
1383 2781 1406 2876 q‘

320 2863 387 2924 dern
410 2883 512 2924 omnes
534 2866 634 2924 literas
656 2866 788 2945 praebet,
813 2866 866 2926 sed
885 2867 962 2926 male
985 2867 1170 2944 conjunctae:
1210 2851 1284 2931 ried
1305 2854 1406 2920 τοιοιί

233 2985 237 2994 ’
318 2984 363 3043 γε,
385 2945 553 3026 contrabi:
578 2954 691 3034 ἢοίτι
713 2987 796 3040 ουτω
817 2969 874 3046 γε).
907 2969 1097 3028 Dissentiunt
1118 2965 1250 3026 codices·
1271 2951 1406 3032 P01.13(

265 3138 268 3142 ,
318 3068 349 3129 b.
374 3065 433 3132 15:
470 3060 575 3126 κοινὸν
607 3063 641 3124 δὲ
662 3064 717 3125 καὶ
739 3065 771 3127 ἐν
792 3061 878 3149 δήμῳ
909 3067 964 3126 καὶ
986 3064 1155 3149 ὀλιγαρχίᾳ
1190 3063 1254 3146 [καὶ
1278 3085 1405 3147 μοναρχι

274 3213 281 3224 ,
319 3167 372 3228 καὶ
395 3162 484 3250 ποίσῃ
506 3166 653 3250 πολιτείᾳ
674 3162 744 3249 μήτ’
757 3164 914 3242 αὐξοίνειν
935 3168 1011 3229 λίαν
1031 3165 1152 3242 μηθένα
1174 3163 1265 3250 παροι
1287 3188 1347 3236 την
1371 3188 1405 3224 σι

218 3287 221 3294 ’
314 3269 477 3352 μετρίαν,
497 3263 583 3329 α’λλοι
606 3270 730 3361 μᾶλλον
754 3273 929 3355 πειρᾶσθαι
951 3264 1057 3353 μικροις
1089 3269 1143 3330 καὶ
1164 3266 1390 3351 πολυχρονίους

319 3366 407 3435 ddum
428 3363 561 3455 τιμοιςῆ
589 3361 677 3454 ταχιί
708 3368 848 3454 μεγάλας
877 3371 1132 3457 (διαφθείρονται
1155 3363 1234 3452 γοίρ,
1271 3369 1325 3429 καὶ
1347 3367 1405 3452 φέρ

222 3541 224 3546 ,
321 3469 505 3547 οὖιίαντός
527 3469 640 3557 ἀνδρός
661 3468 843 3556 εὐτυχίαν),
878 3477 904 3536 εί
923 3472 957 3534 δι
977 3467 1034 3556 μή,
1068 3466 1161 3556 μήτοι
1182 3468 1208 3553 γ’
1233 3465 1356 3562 οξξρόας
1377 3469 1405 3531 δι

319 3599 380 3652 τας
401 3571 611 3663 ἀφαιρεῖσθαι
634 3571 734 3638 ποίλιν
756 3571 889 3660 ἁθρόας,
922 3573 991 3636 ἀλλ’
1013 3576 1044 3636 ἐκ
1065 3581 1272 3658 προςαρωγῆς,
1306 3577 1358 3636 ubi
1383 3595 1405 3636 st

320 3683 443 3744 tentiam
466 3700 544 3762 quae
567 3681 718 3743 antecedit
739 3682 877 3762 restringi
897 3681 996 3743 verbis
1018 3679 1044 3738 εί
1065 3674 1099 3738 di
1121 3672 1160 3758 μή
1184 3680 1334 3762 probatur,
1359 3679 1402 3738 ita

320 3787 383 3846 sine
405 3784 494 3844 dubio
521 3776 625 3862 -urivor
658 3783 817 3862 legendum
851 3787 890 3844 sit
919 3775 1004 3864 (μήτι
1026 3782 1089 3845 οοιι.
1113 3779 1146 3842 Ib
1167 3779 1213 3842 Vb
1233 3779 1287 3855 leb,
1320 3781 1404 3841 editor

223 3932 525 3986 '‚r·-*··-—-··-

385 4055 411 4124 ¹³)
429 4058 468 4119 Ol.
491 4059 647 4110 Schbmann.
667 4058 751 4108 Lehre
772 4071 825 4107 von
844 4055 893 4106 den
912 4035 1093 4105 Redetheilen.
1111 4055 1172 4118 pag.
1193 4053 1249 4113 199,
1267 4051 1327 4102 200.

373 4144 414 4210 Ι’1)
431 4144 477 4196 cf.
489 4145 594 4195 Franks
612 4144 644 4199 de
661 4139 979 4209 perticulis'finegantibns
1002 4140 1111 4205 linguae
1129 4151 1240 4204 graecae
1257 4143 1396 4187 comment.

319 4247 381 4299 pag.
403 4233 449 4283 24:
469 4224 550 4295 „orire
567 4229 636 4295 quod
654 4234 683 4279 nt
701 4227 833 4280 interdurn
852 4218 919 4278 οὐδέ
907 4226 944 4292 ἐν,
963 4240 1021 4276 enm
1043 4224 1071 4276 vi
1089 4221 1201 4288 quadam
1219 4237 1267 4286 pro
1280 4219 1400 4288 simplici

294 4367 298 4376 ,
320 4321 459 4383 usurpatur
477 4314 659 4380 (keincswegq
678 4330 727 4380 gar
745 4312 828 4377 nieht,
847 4311 953 4379 proprie
972 4312 999 4362 in
1017 4309 1124 4360 keinem
1145 4306 1272 4372 Stdeke)“
1290 4322 1354 4374 sqq..
