2950 5076
710 397 712 404 ’
804 441 825 505 4

189 695 193 702 ,
264 620 485 710 ὑπολαμβάνοι
508 617 612 699 ἀληθῆ
635 623 716 688 sivos
746 622 791 694 ‘coi
819 637 941 709 σημεῖα.
987 631 1035 690 De
1056 631 1093 690 iis
1114 637 1211 689 autern
1233 647 1303 708 quae
1322 645 1373 686 ma-

261 735 308 812 gis
330 735 361 793 in
377 723 555 792 'universum
578 741 713 814 spectent
733 753 794 791 non
817 741 877 792 tam
911 734 1075 794 accuratius
1099 729 1199 792 dicere
1221 733 1302 812 quani
1322 749 1372 788 mo·

262 855 333 896 nere
357 835 445 913 hujus
464 844 510 896 est
532 835 754 908 dissertationis,
779 835 889 914 quain
910 835 986 895 hanc
1007 835 1136 894 maxime
1151 823 1212 894 rem
1241 833 1372 912 inquirere

262 938 332 997 mihi
355 927 506 1018 proposui,
537 937 686 1016 quomodo
720 939 844 1015 singulis
874 937 1026 1017 particulis
1048 937 1224 996 Aristoteles
1245 954 1309 996 usus
1329 933 1373 1002 sit,

263 1049 406 1122 qnantum
429 1039 611 1099 vero'etiam
633 1039 714 1099 tales·
744 1061 791 1100 res
824 1060 901 1120 quae
928 1049 1069 1119 putantur
1090 1040 1298 1099 minutissimae
1318 1053 1373 1094 esse

140 1125 161 1139 Η
264 1143 302 1202 ad
338 1143 509 1221 scriptorem
540 1141 646 1201 melius
681 1142 907 1224 intelligendum
941 1142 1081 1222 prodesse
1114 1141 1247 1220 possint,
1279 1137 1374 1218 optime

224 1265 228 1278 ’
263 1243 418 1304 Bonitaius
439 1243 653 1303 demonstravit
676 1237 909 1318 (observationes
932 1246 1049 1304 criticae
1064 1245 1092 1302 in
1103 1238 1283 1322 Aristotelis
1297 1239 1374 1300 libros

261 1346 480 1426 metaphysicos
502 1367 572 1425 pag.
596 1343 742 1424 6-8)'.*)
787 1341 849 1407 Sed
873 1369 930 1427 quo
963 1344 1057 1428 major
1085 1347 1198 1405 fructus
1221 1365 1257 1404 ex
1276 1343 1374 1402 Aristo·

259 1447 457 1510 telisdicendi
479 1449 594 1508 ratione
617 1450 783 1510 accuratius
802 1449 957 1510 tractanda
979 1449 1092 1528 percipi
1113 1437 1222 1527 potest,
1246 1466 1279 1504 eo
1293 1443 1374 1519 magis

259 1551 418 1612 dolendum
442 1559 486 1610 est
508 1553 657 1612 neminem
689 1550 814 1611 fereda
849 1573 886 1612 ea
924 1572 956 1611 re
980 1551 1181 1630 disputasse..
1208 1549 1279 1609 Cum
1308 1545 1374 1603 enirn
1452 1609 1453 1616 ,

261 1661 291 1714 et
312 1653 484 1721 Aristotelis
504 1654 692 1733 philosophia
718 1654 897 1733 explicanda
919 1663 948 1714 et
970 1651 1094 1730 singulis
1117 1652 1233 1732 scriptis
1266 1636 1373 1709 edendis
1452 1722 1453 1739 Χ

261 1755 340 1816 haud
363 1755 451 1834 pauci
478 1756 534 1814 viri
557 1756 680 1833 egregii,
710 1757 841 1815 maxime
863 1753 1236 1840 Braodisius,.Bekkerus,
1257 1748 1372 1810 Trende-
1452 1781 1453 1828 j

159 1937 160 1945 ἵ
264 1857 436 1934 lenburgus,
459 1839 647 1936 Spengelius,
669 1860 830 1932 Bonitzius,
849 1861 959 1939 optime
979 1859 1152 1944 meruerint,
1173 1864 1270 1914 tamen
1292 1851 1325 1909 de
1338 1848 1373 1906 di·
1452 1850 1453 1888 ἕ

228 1967 230 1971 ’
264 1957 350 2019 cendi
373 1959 485 2016 ratione
522 1959 552 2017 in
575 1960 744 2035 universum
778 1961 896 2040 quidem
924 1981 1009 2020 nemo
1043 1949 1207 2038 quidquam
1233 1951 1374 2034 disputavit

261 2068 380 2140 praeter
401 2059 578 2134 Bonitzium,
610 2062 711 2140 quiin
733 2063 886 2141 praeclara
906 2063 958 2122 illa
981 2045 1228 2121 commentatione
1258 2056 1372 2130 „Aristo
1452 2112 1453 2129 ,

259 2161 383 2223 telische
404 2160 529 2220 Studien
563 2163 605 2225 ΙΙ.
629 2183 658 2226 u.
681 2164 762 2222 IIl.“
794 2166 925 2224 ‘manime
960 2163 996 2222 de
1030 2163 1248 2222 enuntiatorum
1275 2157 1374 2217 ratione
1452 2145 1453 2158 ¹

194 2281 196 2286 ·
229 2337 231 2342 ,
261 2261 353 2342 (quod
378 2261 497 2340 quidem
517 2263 721 2324 difficillimum
744 2275 773 2326 et
795 2268 1001 2343 gravissimum
1018 2264 1074 2340 est)
1098 2262 1182 2336 dixit,
1205 2262 1243 2322 de
1266 2257 1375 2336 singulis
1450 2295 1451 2298 η

246 2363 411 2443 ,ρανῒὶουΙὶε
434 2384 531 2442 pauca
552 2366 659 2428 attulit.
705 2367 789 2440 Quae
812 2389 878 2428 cum
915 2370 957 2427 ita
979 2368 1037 2426 sint
1070 2365 1102 2425 id
1126 2365 1207 2444 qnod
1241 2383 1294 2440 ego
1323 2379 1375 2418 eus·

263 2465 330 2562 cepi
353 2465 416 2524 fore
439 2485 526 2544 spero
548 2474 580 2525 ut
601 2460 779 2538 hominibus
796 2470 898 2548 doctis·
914 2491 973 2529 non
995 2488 1115 2548 prorsus
1132 2480 1375 2547 'supervacaneum

261 2566 407 2626 videatur.
1240 2565 1241 2570 ’

268 2737 271 2750 Ι
326 2668 424 2745 ,Legi
448 2676 555 2744 autem,
584 2677 622 2728 ‘ut
650 2669 816 2733 Aristotelis
849 2670 966 2732 dicendi
998 2673 1142 2731 rationem
1160 2683 1375 2747 ¹cognoscerem,

259 2771 413 2849 exipsius
438 2761 554 2853 scriptis
574 2771 788 2854 Metaphysica,
813 2774 951 2853 Physica,
975 2745 1124 2834 libiosae
1158 2774 1264 2843 anima,
1284 2765 1375 2825 lithica

258 2873 469 2946 Nicomachea,
492 2875 628 2950 Politica,
650 2876 914 2956 Rhetorica,
914 2876 987 2964 tipo,
1023 2876 1127 2966 exiis
1157 2869 1372 2972 guaeyijepju,

258 2977 412 3054 supposita
434 2997 514 3051 esse,
542 2978 650 3038 Ethica
672 2978 826 3055 Eudemia,
851 2982 964 3062 Magna
984 2989 1120 3065 Moralia,
1140 2991 1246 3056 librum
1259 2997 1302 3057 de
1324 3001 1371 3058 vir·
1433 2960 1443 2982 l

210 3079 218 3085 ”
255 3077 370 3138 tutibus
388 3087 424 3164 ⁸et
447 3081 534 3152 vitiis,
569 3077 775 3154 Oeconomico,
798 3082 957 3148 Rhetorica
981 3091 1021 3149 ad
1042 3094 1253 3173 Alexandrum,
1275 3101 1372 3162 librum

187 3205 195 3277 ι·
262 3177 300 3238 de
321 3179 522 3257 Xenophane,
538 3179 670 3254 Zenone,
696 3181 809 3260 Gorgia
828 3183 873 3262 (ut
888 3191 978 3268 vulgo
992 3194 1181 3274 inscribitur),
1203 3202 1372 3282 Physiogno·

224 3281 230 3290 '
257 3280 349 3352 mica3
390 3288 546 3358 praeterea
566 3299 604 3342 ex
628 3281 829 3376 Theophrasti
861 3290 943 3350 libris
977 3289 1127 3370 historiam
1159 3303 1323 3380 ‚plantarum
1349 3315 1372 3365 et

258 3379 461 3452 Ohfflaclerefla
484 3387 517 3438 Ul
538 3379 744 3459 intelligerem,
774 3407 833 3468 quo
856 3392 941 3453 modo
964 3396 1132 3460 Aristotelis
1154 3404 1247 3482 ipsius
1267 3407 1370 3466 dicendi
1448 3451 1449 3460 ,

252 3480 328 3538 ratio
352 3479 389 3538 ab
414 3481 478 3556 ejus
501 3479 652 3561 discipulis
674 3485 800 3549 differat.
845 3488 878 3552 In
902 3497 1053 3574 particulis
1067 3505 1229 3566 tractandis
1243 3509 1370 3586 itaagan

253 3587 285 3637 ut
306 3580 436 3640 maxime
457 3600 543 3641 usum
565 3583 735 3648 Aristotelis
759 3592 789 3649 in
809 3595 979 3658 universum
996 3601 1157 3679 explanare
1179 3608 1320 3684 studeam,
1339 3612 1370 3670 de

206 3761 212 3776 ἱ
252 3680 379 3758 singulis
402 3682 474 3744 locis
495 3686 678 3765 explicandis
693 3691 742 3750 vel
766 3695 959 3758 emendandis
982 3699 1111 3764 breviter
1132 3707 1239 3786 dicam,
1259 3716 1324 3793 quia
1339 3735 1369 3774 er

253 3865 457 3876 Μ

317 3965 342 4032 *)
368 3967 401 4017 cf.
422 3968 589 4037 Bernhardy:
618 3976 816 4042 paralipomena
842 3986 961 4050 syntaxis
990 3988 1107 4042 Graecae
1129 3993 1149 4056 I,
1184 3999 1240 4048 id:
1271 3994 1369 4065 ,ciras

248 4053 309 4102 sunt
327 4056 354 4102 et
371 4053 398 4100 in
416 4061 538 4124 promptu
556 4060 635 4124 positi
653 4063 794 4127 scriptores
806 4067 975 4135 nobilissimi,
992 4090 1102 4138 quorum
1118 4081 1289 4137 elocutionem
1301 4104 1368 4140 nemo
1446 4098 1447 4144 l

246 4151 280 4188 na
310 4140 418 4192 sommis
443 4142 547 4205 quidem
568 4144 646 4198 lineis
675 4148 821 4217 criticaque
851 4156 999 4208 subtilitate
1025 4159 1148 4227 digessit:
1172 4169 1247 4220 velut
1276 4175 1368 4226 Aristo·
1444 4151 1447 4204 l

101 4283 104 4290 Δ
180 4289 184 4295 Δ
245 4223 308 4274 talis
326 4239 388 4290 opes
407 4219 454 4276 'vix
472 4227 542 4280 ultra
559 4246 663 4296 sparsas
681 4236 805 4299 quasdam
827 4241 1023 4296 observationes
1040 4233 1237 4310 innotuerunt.“
1273 4257 1307 4310 cf.
1325 4261 1367 4311 Bo·

244 4310 306 4362 nita.
324 4310 464 4366 Jenaische
484 4315 727 4388 Literaturaeitung
750 4324 825 4380 1845.
860 4343 922 4394 pag.
941 4330 1000 4379 846.
1445 4315 1446 4320 ¹
