2870 5076
520 403 726 470 ..33..

61 577 93 644 ait
116 575 335 668 praestantior,
370 577 397 642 is
429 586 463 642 ut
494 577 666 665 imperium
700 578 733 644 in
760 577 848 643 illam
880 583 1031 643 exerceat
1058 575 1205 680 efficitur,

62 699 150 754 nmen
171 711 234 756 non
257 686 342 754 idem
368 686 452 776 quod
476 685 508 752 in
533 707 664 770 seruos,
692 686 748 752 sed
778 687 1000 754 aristocratiae
1022 687 1108 775 quod
1133 707 1207 751 con·

62 799 129 865 ferre
153 799 263 883 liceat3
297 819 404 886 neque
437 797 579 863 omnium
605 821 715 864 rerum
751 797 923 886 imperium
958 819 1112 884 arrogare
1145 795 1206 861 sibi

61 909 149 994 debet,
170 909 227 976 aed
246 931 330 998 quae
346 917 422 974 eunt
436 908 580 974 mulieris
603 908 705 976 libero
729 910 796 976 eius
820 908 953 975 arbitrio
977 907 1155 974 concedere
1169 906 1205 993 ¹).

9 1105 10 1110 η
129 1023 169 1088 As
190 1019 260 1087 sole
282 1020 411 1108 quidem
435 1042 494 1108 per
516 1041 551 1084 se
574 1029 688 1086 neutra
711 1021 825 1086 harum
848 1019 1037 1086 societatum
1053 1017 1130 1084 satis
1145 1028 1206 1084 est.

9 1161 10 1170 ι
62 1131 158 1219 Itaque
191 1153 273 1220 opus
308 1138 357 1196 est
390 1131 486 1198 tertia
519 1153 603 1220 quae
636 1140 807 1219 utramque
845 1131 1068 1216 amplectetur.
1114 1129 1206 1195 Haec

60 1251 151 1308 antem
179 1252 228 1307 est
256 1240 370 1307 domus
401 1241 469 1308 sive
498 1241 663 1327 familia2).
707 1238 825 1330 Neque
853 1241 966 1306 domus
994 1242 1063 1306 sola
1090 1261 1149 1329 per
1172 1261 1206 1308 se

62 1349 1209 1440 mmmmwfflmmmmfflmffimmffin

62 1463 134 1528 aima
161 1472 268 1530 autem
297 1462 405 1530 domui
433 1463 629 1531 consociatio
658 1474 706 1530 eet
732 1462 881 1552 pugna³).
927 1461 980 1528 Ex
1007 1464 1100 1551 pagis
1129 1481 1207 1528 vero

63 1573 262 1662 compluribus
289 1595 373 1662 quae
405 1573 532 1639 exsistit
561 1575 699 1640 societas
730 1574 828 1661 plene
851 1583 884 1640 et
905 1576 1067 1662 perfecte,
1095 1573 1209 1639 civitae

63 1695 114 1768 cst,
144 1708 226 1774 qnae
258 1685 322 1750 iam
356 1689 495 1751 omnem*
525 1707 625 1774 prope
659 1685 884 1752 sufficientiam
918 1686 951 1750 in
985 1709 1020 1752 se
1053 1684 1207 1750 continet.
1289 1705 1293 1712 ’

63 1793 245 1864 Sufficientie
267 1804 374 1870 autem
396 1795 468 1861 finis
491 1806 540 1862 est
563 1806 596 1862 et
618 1796 773 1884 optimum
783 1797 819 1884 ⁴).
862 1797 979 1886 Itaque
1001 1797 1113 1862 civitae
1137 1797 1209 1863 reli-

63 1929 180 1992 quarum
195 1907 385 1974 societatum
400 1909 541 1973 omnium
558 1916 607 1972 est
621 1907 781 1974 absolutio
798 1917 830 1973 et
845 1908 1092 1990 consummatio,
1109 1918 1208 1998 atque

63 2017 141 2083 inea
161 2019 288 2086 demum
317 2019 412 2084 homo
441 2016 556 2083 indolis
588 2019 818 2106 perfectionem
847 2043 942 2108 quem
968 2020 1070 2085 voluit
1092 2029 1209 2086 natura

63 2127 179 2216 adipisci
202 2138 309 2218 potest
330 2137 364 2194 et
386 2127 527 2195 omnium
551 2127 736 2195 animalium
760 2131 869 2196 evadit
884 2129 1208 2220 praestantissimum,

64 2261 123 2304 oum
143 2243 316 2326 pessimum
338 2237 380 2306 eit
402 2240 559 2323 omnium,
589 2239 616 2305 si
640 2241 771 2308 civitate
794 2241 948 2328 cereat⁵).
995 2241 1119 2307 Civitas
1143 2241 1210 2330 qui·

63 2345 121 2416 dam
132 2361 232 2418 totum
244 2359 301 2434 est,
317 2349 489 2416 societates
502 2350 646 2439 reliquae
662 2361 695 2418 ct
706 2351 825 2440 singuli
840 2353 989 2418 homines
1005 2351 1073 2418 eius
1085 2361 1207 2439 portes.

63 2601 121 2659 ἕντι
137 2605 239 2677 κοινόν,
256 2607 305 2666 δι’
327 2611 357 2664 ἔτι
377 2611 499 2680 συνεχῶν
519 2608 572 2663 εἴτ’
596 2610 628 2664 ἐκ
652 2610 836 2682 διῃρημένων,
859 2613 889 2668 ἐν
913 2609 1020 2668 ἅπασιν
1044 2614 1210 2685 ἐμφαίνεται

63 2691 85 2744 ti
99 2687 179 2766 ὄρχον
196 2699 245 2750 καὶ
262 2697 293 2753 ti
312 2694 477 2770 ἀρχόμενον.

123 2785 139 2850 ¹)
157 2788 216 2842 ech.
234 2789 292 2842 Nic
310 2788 383 2851 VIII,
404 2793 445 2840 11.
468 2791 535 2839 1160
547 2787 564 2840 b
578 2791 624 2840 82:
647 2785 751 2858 ἀνδρὸς
774 2787 807 2842 δὲ
830 2791 878 2842 καὶ
896 2785 1029 2859 revocarit
1047 2784 1211 2858 ἀριστοκρα·

63 2869 109 2940 ντη
119 2883 258 2944 φαίνεται·
270 2871 332 2929 κατ’
344 2872 425 2934 ἀξίαν
435 2872 490 2946 γὰρ
503 2871 518 2928 ὁ
532 2870 603 2943 ἀνὴρ
615 2869 704 2944 ἀρχα,
722 2876 769 2928 καὶ
782 2879 847 2948 περὶ
859 2877 944 2930 ταῦτα
958 2872 976 2928 ἀ
988 2875 1033 2929 δεῖ
1042 2874 1092 2930 τάν
1104 2871 1208 2948 ἀνδρα·

63 2951 104 3010 Ie«
119 2961 149 3015 δὲ
165 2965 279 3032 γυναικὶ
296 2959 419 3035 ἁρμόζει,
438 2961 527 3034 ἐκείνη
546 2958 731 3020 ἀποδίδωσιν.
750 2960 883 3020 ἀπάντων
902 2963 934 3018 δὲ
953 2961 1089 3034 κυριεύων
1104 2960 1118 3017 o‘
1138 2962 1208 3034 ἀνὴρ

62 3047 91 3104 δι
108 3043 266 3122 ὀλιγαρχίαν
287 3055 459 3124 μεθίστησιν.
497 3052 576 3104 Polit.
600 3055 628 3118 1,
655 3057 696 3106 13.
725 3057 829 3107 116οο
849 3057 895 3106 20:
926 3047 995 3106 ώστε
1018 3051 1144 3122 φανερὸν
1166 3048 1208 3105 ὅτι

62 3129 121 3188 tute
136 3135 218 3206 ἠθικὴ
237 3137 318 3212 ἀρετὴ
336 3139 392 3193 τών
409 3141 564 3210 εἰρημένων
583 3137 705 3208 πάντων,
726 3141 774 3192 καὶ
792 3137 845 3208 ούχ
857 3136 872 3206 ip
886 3137 955 3205 αύτὴ
975 3138 1144 3210 σωφροσύνη
1163 3159 1210 3209 γυ-

9 3275 10 3292 ,
62 3223 138 3284 *ναὸς
157 3229 202 3280 ani
221 3224 333 3300 ἀνδρός,
352 3224 418 3280 οὐδ’
436 3223 539 3296 ἀνδρία
557 3229 605 3280 καὶ
623 3225 798 3297 δικαιοσύνη,
824 3223 953 3295 καθάπερ
972 3221 1038 3294 ᾤετο
1050 3225 1209 3300 Σωκράτης,

9 3359 10 3364 ,
61 3303 110 3360 ω’
128 3309 145 3380 ii
160 3315 214 3386 μὲν
231 3310 331 3387 ἀρχικὴ
351 3311 453 3384 ἀνδρία
471 3313 489 3382 ἦ
507 3313 537 3369 δ’
558 3311 714 3386 ὑπηρετική.
742 3317 781 3370 Oi.
802 3317 932 3370 Fritaaoh.
952 3317 1063 3369 Artatot.
1082 3319 1114 3370 (Ie
1132 3319 1208 3370 amin

9 3407 10 3448 ζ
61 3401 127 3460 Mi).

119 3488 137 3552 ¹)
154 3491 231 3544 Polit.
250 3493 272 3556 1,
291 3496 315 3543 1.
337 3493 403 3544 1151
416 3492 434 3543 1ο
448 3497 477 3543 9:
497 3489 528 3544 ia
547 3490 602 3562 μὲν
621 3485 672 3545 οὖν
691 3487 797 3546 τούτων
816 3493 871 3545 τών
890 3488 941 3544 δύο
961 3493 1116 3547 κοινωνιῶν
1135 3495 1209 3546 οἰκία

62 3571 149 3644 πρώτη,
168 3580 216 3632 ani
233 3575 326 3647 δρδοῖς
341 3575 474 3638 Ἡσίοδος
490 3579 552 3634 eine
571 3575 690 3646 ποιήσας
706 3577 798 3634 ‘aiace
815 3579 870 3653 μὲν
888 3576 1027 3648 πρώτιστα
1045 3578 1165 3650 γυναῖκά
1183 3597 1211 3636 τε

61 3661 116 3720 itit
124 3659 146 3718 τ’
167 3662 308 3735 ἀροτῆριδ.
328 3661 343 3718 ἀ
362 3664 417 3736 χάρ
429 3671 496 3734 βοῦς
514 3666 578 3724 ἀντ’
593 3672 701 3724 οἰκέτου
713 3672 771 3726 τοῖς
789 3671 907 3736 πένησίν
925 3668 1008 3722 ἔστιν.

120 3749 184 3816 ¹)Ia.
202 3755 219 3808 1.
241 3755 401 3808 1151115ε
418 3752 435 3822 ἡ
454 3753 483 3809 δ’
504 3757 535 3810 ἔτι
554 3754 692 3812 πλειόνων
711 3757 808 3812 οδτιιῶν
827 3761 959 3812 κοινωνία
978 3753 1071 3824 πρώτη
1085 3752 1210 3826 χρήσεως

63 3829 137 3892 Inest
152 3839 190 3910 μὴ
208 3839 352 3913 ἐφημέρου
371 3839 457 3914 κώμη.
475 3842 598 3915 μάλιστα
617 3844 649 3897 δὲ
668 3843 739 3900 τιατά
758 3843 847 3914 φύσιν
865 3845 955 3898 ἔοικεν
967 3841 983 3909 ἡ
996 3839 1074 3914 κώμη
1093 3840 1209 3896 ἀποικία

63 3923 135 3986 111111
151 3927 230 3984 εἶναι.

119 4013 464 4083 tnaaammn.

120 4101 138 4166 ⁵)
156 4107 185 4158 Ia.
204 4107 222 4160 1.
241 4107 264 4171 1,
284 4111 308 4159 1.
331 4111 398 4160 ttae
410 4125 426 4160 a
439 4113 488 4160 et:
508 4103 602 4176 ὥσπερ
620 4105 675 4177 γάρ
694 4109 742 4163 ani
761 4107 898 4163 τελεωθὲν
915 4108 1057 4176 βέλτιστον
1069 4105 1127 4158 τών
1139 4101 1215 4173 ζῴων

63 4177 302 4260 ὅ’θί1111ῐνί·ὲιιτιν,
326 4189 397 4248 οὕτω
423 4197 470 4248 καὶ
490 4195 634 4266 χωρισθὲν
655 4192 747 4266 νόμον
771 4199 821 4250 καὶ
838 4195 917 4261 δίκης
931 4197 1074 4264 χείριστον
1093 4189 1216 4248 utnon.

64 4307 138 4332 ·····
150 4279 191 4334 διὸ
211 4277 400 4336 ἀνοσιώτατον
420 4284 467 4335 καὶ
486 4279 659 4352 ἀγριώτατον
678 4279 746 4340 ἀνευ
766 4281 872 4352 ἀρετῆς,
898 4285 945 4336 καὶ
968 4281 1039 4350 πρὸς
1057 4277 1219 4346 ἀφροδίσια

64 4365 98 4412 ro
113 4365 213 4436 ίδτιδὴν
232 4373 382 4440 χείριστον.
408 4367 423 4436 ἡ
448 4370 479 4424 δὲ
504 4368 668 4438 δικαιοσύνη
695 4368 850 4426 πολιτικόν·
874 4367 962 4440 ἡχάρ
986 4367 1052 4436 δίκη
1076 4366 1222 4430 πολιτικῆς

63 4459 185 4516 ’ναυτίας
201 4455 274 4520 τάξις
292 4457 376 4512 ἐστίν·
398 4455 413 4523 ἡ
433 4456 463 4511 δὲ
480 4459 543 4526 δίκη
562 4463 611 4514 τοῦ
629 4459 742 4514 δικαίου
765 4463 862 4530 κρίσις.

990 4549 1012 4616 3
