2870 5076
536 403 747 470 ..πμ

83 571 180 656 bene,
201 597 312 662 qnam
333 595 721 665 nosnonnumquam‚
746 573 840 641 deus
864 587 1018 662 semper
1033 572 1221 656 sehabet,

82 682 314 767 admirabile,
348 683 408 751 sin
442 697 572 752 autem
604 685 744 772 magis,
786 682 902 751 etiam
935 681 1219 750 admirabilius.

79 789 195 860 Habet
215 803 341 860 sutem
358 795 484 862 schoa
506 795 626 863 modo.
661 797 794 882 Atque
810 795 894 860 vita
917 791 1109 882 suppetit,
1133 815 1218 860 nam

78 899 288 970 intellectus
311 914 419 970 aetus
442 916 502 970 est
522 905 620 990 vita3
643 906 714 971 ille
730 915 862 970 autem
883 913 942 970 est
958 914 1086 988 actua,
1109 912 1218 967 actus

76 1022 190 1080 sutem
218 1013 282 1102 qui
308 1037 380 1103 per
407 1037 446 1080 se
475 1026 533 1081 est
566 1013 679 1080 illius
707 1014 789 1078 vita
822 1023 883 1078 est
919 1013 1065 1100 optima
1097 1023 1218 1101 atque

75 1131 230 1189 aeterua.
273 1125 449 1192 Dicimus
477 1125 604 1212 igitur
632 1122 735 1211 (libri:
763 1123 874 1211 φαμὲν
897 1123 951 1206 δέ,
980 1123 1146 1190 Bonitzius
1170 1147 1219 1189 eu·

74 1230 201 1317 spiretur
227 1234 433 1302 scribendum
461 1258 546 1301 esse:
581 1234 692 1322 φαμὲν
720 1229 778 1322 δή,
814 1235 900 1322 quod
928 1235 1022 1300 nobie
1051 1256 1121 1300 esse
1148 1256 1218 1320 pro·

75 1337 199 1408 bandum
214 1343 368 1430 videtur),
391 1345 502 1412 deum
518 1367 607 1412 csse
622 1345 766 1412 animal
782 1355 998 1426 aeternum,
1015 1345 1216 1432 optimum,

74 1447 122 1514 ito
140 1460 178 1518 ut
200 1454 283 1520 vita
312 1457 501 1523 continua
529 1465 566 1521 et
592 1467 763 1522 aeterna
791 1465 981 1543 suppetat
1004 1454 1094 1538 dco;
1121 1454 1217 1519 talis

73 1559 161 1626 enim
182 1561 276 1632 deus
299 1570 386 1632 cst.“

146 1671 305 1740 Describit
325 1675 425 1764 igitur
445 1677 637 1745 Aristoteles
660 1677 712 1742 dei
735 1676 833 1742 vitam
858 1698 939 1758 eam,
966 1696 1048 1762 quae
1070 1685 1217 1740 versetur

73 1777 98 1842 in
112 1784 332 1868 speculatione.
369 1785 457 1865 Quid
471 1799 579 1856 autem
599 1788 728 1872 cogitet,
753 1784 895 1870 explieat
909 1791 958 1864 Λ,
974 1787 1004 1850 9.
1023 1785 1106 1851 1074
1121 1786 1141 1849 b
1156 1785 1215 1850 33:

74 1883 164 1959 αὑτὸν
186 1885 247 1982 dpo
270 1900 356 1977 rosi,
380 1892 477 1985 εἴπερ
499 1895 571 1965 ἐστὶ
590 1896 630 1964 τὸ
652 1890 839 1985 κράτιστον,
868 1893 924 1962 καὶ
946 1891 1036 1962 ἔστιν
1057 1889 1078 1984 ἡ
1101 1889 1217 1982 νόησις

73 1997 204 2090 νοήσεως
221 2000 343 2093 νόησις,
370 2007 612 2092 ,semetipsum
628 2008 726 2094 igitur
743 2006 863 2093 cogitat
878 2005 1060 2074 intellectus
1076 2005 1216 2090 divinus,

75 2111 215 2198 siquidem
237 2115 393 2204 optimum
416 2127 478 2201 est,
504 2129 537 2184 et
559 2117 711 2206 cogitatio
735 2127 784 2182 eet
806 2115 1007 2204 cogitationis
1032 2115 1215 2202 cogitatio.“

74 2217 155 2300 Quod
177 2225 250 2314 qnid
274 2225 334 2292 sibi
358 2228 444 2310 velit,
467 2253 593 2296 summa
616 2229 784 2295 doctorum
807 2226 972 2292 hominum
989 2237 1038 2292 est
1058 2224 1214 2292 dubitatio

73 2336 350 2427 sententiarumque
373 2338 599 2428 discrepantia.
644 2338 842 2428 Expeditum
865 2346 974 2404 autem
996 2336 1034 2402 iri
1057 2335 1215 2424 quaestio·

73 2463 133 2508 nem
154 2445 353 2534 arbitramur,
376 2450 402 2515 si
418 2451 594 2517 cuiusmodi
616 2452 775 2517 humanae
795 2448 911 2516 mentis
927 2449 968 2514 sit
983 2446 1213 2534 suimetipsius

11 2561 12 2570 ’
73 2553 212 2641 cogitatio
233 2557 497 2628 intellexerimus.
535 2562 619 2628 Nom
643 2584 794 2648 magnam
819 2558 1061 2625 similitudinem
1083 2581 1124 2624 ex
1142 2558 1213 2622 Ari-

11 2689 12 2706 1
73 2665 182 2731 stotelis
209 2675 368 2736 sententia
399 2671 484 2737 inter
517 2681 657 2738 mentem
687 2671 829 2737 divinam
859 2679 891 2736 et
916 2670 1090 2736 humanam
1118 2668 1213 2734 inter-

73 2773 170 2844 cedere
191 2779 413 2866 cognoscimus
429 2791 461 2846 et
477 2805 518 2848 cx
534 2781 573 2846 iis
589 2803 673 2869 quae
688 2781 794 2846 locum
810 2775 971 2868 prolatum
989 2789 1165 2867 sequuntur
1177 2779 1211 2865 ¹),

71 2893 152 2954 etex
173 2887 244 2954 loco
268 2890 381 2977 capitis
403 2892 534 2980 septimi
558 2893 597 2958 de
621 2914 684 2978 quo
706 2890 802 2958 modo
817 2891 958 2977 egimus;
981 2913 1086 2979 neque
1108 2889 1212 2956 minus

70 2997 225 3066 tumultis
248 2999 318 3064 aliis
340 3000 607 3068 Aristotcleorum
631 3002 786 3070 librorum
807 3001 887 3068 locis
908 3001 942 3065 id
964 3010 1107 3090 apparet.
1150 3001 1212 3068 Ita·

69 3125 119 3190 que
145 3119 180 3174 nt
206 3110 452 3198 perspiciamus,
488 3134 572 3198 quae
599 3113 641 3178 sit
670 3112 769 3180 divini
798 3112 979 3179 intellectus
1008 3109 1211 3196 cogitationis

11 3239 12 3244 ¹
69 3216 218 3302 cogitatio,
241 3220 342 3286 satius
365 3241 435 3286 esse
458 3221 603 3288 ducimus
627 3233 722 3290 antea
746 3244 829 3311 quae
852 3223 894 3288 sit
915 3222 1074 3288 humanae
1096 3222 1212 3288 mentis

70 3327 207 3413 cogitatio
231 3329 279 3394 sui
301 3330 401 3418 ipsine
422 3329 629 3419 investigare.

67 3578 126 3638 Perit
148 3583 263 3646 spartam
285 3583 450 3646 conceditnr;
475 3601 535 3635 nem
560 3587 639 3636 etism
661 3586 826 3652 voluptatem
849 3592 937 3650 setus,
962 3603 1014 3654 quo
1038 3587 1085 3640 ille
1108 3603 1210 3656 semper

68 3667 145 3736 utitur,
164 3672 239 3722 affert
257 3670 399 3723 bre-tr.
436 3673 492 3724 lam
510 3675 605 3724 transit
623 3674 656 3724 ed
676 3683 751 3724 aetna
768 3675 839 3724 ritae
863 3673 1008 3739 humanae,
1033 3685 1063 3728 ut
1085 3693 1152 3744 quae
1174 3679 1210 3728 sit

66 3757 149 3818 optima
171 3765 262 3810 nostra
284 3761 342 3810 vita
363 3761 491 3828 explicet,
520 3761 567 3810 καὶ
591 3757 638 3810 diri
665 3763 745 3813 τοῦτο
773 3757 936 3829 ἐγρήγορσις
963 3764 1091 3828 αἴσθησις
1115 3761 1209 3828 νόησις

67 3833 162 3898 idam
181 3843 198 3896 b
214 3849 254 3894 l'l.
276 3847 317 3898 18.
354 3847 478 3900 Summus
496 3865 559 3900 vero
579 3849 695 3900 hominis
714 3855 788 3900 actus
807 3855 846 3900 est
865 3863 968 3899 summa
986 3851 1120 3914 cogitatio,
1140 3845 1156 3914 ἡ
1176 3847 1207 3902 δὲ

66 3923 144 3992 νόησις
161 3927 177 3996 ἡ
196 3927 264 3983 καθ’
286 3927 372 3996 αὐτὴν
391 3935 439 3986 τοῦ
458 3931 525 3988 καθ’
547 3931 614 3988 urird
634 3932 759 4004 ἀρίστου,
782 3937 829 3987 καὶ
847 3931 862 4000 ἡ
880 3933 1001 4006 μάλιστα
1020 3936 1068 3987 τοῦ
1086 3933 1207 4004 μάλιστα

67 4011 127 4068 bid.
162 4018 237 4082 Quae
256 4021 386 4086 quomodo
404 4023 463 4087 fist,
489 4025 605 4090 explicet
624 4022 773 4086 beo-28,
796 4023 920 4090 additque
943 4025 1133 4075 suavissimum
1151 4041 1207 4078 eam

68 4115 115 4154 esee
130 4112 154 4156 et
172 4107 310 4172 optimum,
330 4110 400 4175 qood
418 4111 571 4164 hominibus
590 4114 737 4179 confingat,
761 4113 808 4164 καὶ
825 4107 841 4176 ἡ
861 4113 963 4176 θεωρία
982 4105 1012 4162 sd
1031 4105 1211 4176 videaturaut

69 4177 170 4256 ircosus
187 4193 260 4244 bre.
291 4196 349 4258 Quo
367 4197 437 4250 tacto
455 4213 574 4250 summae
594 4198 753 4250 butitudiui
772 4199 901 4252 humanae
913 4200 996 4250 vitam
1010 4203 1145 4264 comparat
1163 4197 1214 4262 dei,

68 4275 87 4326 tl
101 4270 146 4332 orie
163 4275 249 4340 οὕτως
267 4274 297 4336 ed
317 4282 383 4350 ἔχει,
402 4279 437 4342 ὥς
449 4280 527 4354 ἡμεῖς
546 4287 627 4350 ποτέ,
646 4282 661 4338 o‘
677 4283 808 4352 trederici,
824 4281 998 4354 θαυμαστόν·
1016 4286 1042 4336 sl
1054 4282 1216 4352 δὲμᾶλλον,

68 4359 97 4412 ln
114 4365 345 4436 θαυμασιώτερον.
366 4369 420 4438 ἔχει
441 4371 470 4424 tt
491 4371 546 4426 dot
562 4373 579 4426 b
594 4377 705 4426 24-26.

130 4455 149 4522 ¹)
168 4456 206 4510 Cf.
226 4471 249 4510 o.
268 4459 292 4510 9.
314 4461 382 4512 tere
394 4457 411 4510 b
425 4461 457 4512 to
467 4475 524 4526 sqq.
