2870 5076
460 1205 738 1306 Excursus
773 1205 820 1306 Ι.

146 1468 382 1559 Disputaudurn
411 1469 506 1536 uobis
531 1457 583 1536 'est
612 1470 653 1538 de
680 1471 760 1538 Met.
788 1471 826 1555 Z,
858 1471 888 1536 7.
920 1473 1002 1540 1032
1023 1471 1045 1538 b
1068 1473 1222 1558 28eeqq.:

74 1581 160 1646 rorico
187 1575 220 1646 δ’
245 1577 382 1664 ἔσχατον
408 1578 448 1648 τὸ
471 1579 611 1662 ποιοῦν,
643 1581 700 1648 καὶ
728 1581 767 1650 τὸ
797 1578 905 1662 οὑτως
935 1583 1037 1671 μέρος
1064 1579 1137 1650 ἐστὶ
1165 1585 1224 1669 τῆς

74 1683 186 1774 ὑγιείας
207 1691 264 1758 καὶ
285 1693 345 1777 τῆς
366 1687 492 1770 οἰκίας,
524 1683 599 1758 οἷον
622 1688 655 1760 oi
678 1689 795 1774 λίθοι,
823 1693 880 1760 καί
901 1697 968 1760 τῶν
989 1687 1113 1760 iiiior.
1136 1689 1223 1760 ιὺαιε

73 1797 217 1888 καθάπερ
239 1799 386 1888 λέγεται,
415 1796 581 1872 dociacus
608 1803 773 1890 γενέσθαι
800 1800 831 1872 εί
857 1805 969 1892 μηθὲν
990 1798 1222 1892 προϋπάρχοι.

72 1907 115 1980 iu
138 1912 198 1996 μὲν
226 1905 286 1984 οὑν
311 1939 344 1980 ει
370 1911 474 2002 μέρος
500 1913 537 1994 ἐξ
563 1908 708 2002 άνάγνης
737 1908 897 2001 ὑπάρξει,
926 1911 1089 2004 φανερόν·
1115 1909 1224 2004 ἡγὰρ

72 2019 122 2110 tuq
140 2024 249 2111 μέρος·
273 2018 452 2111 ἐνυπάρχει
474 2025 537 2115 γάρ
558 2026 617 2094 καί
639 2023 787 2114 γίγνεται
809 2022 903 2113 cinq.
936 2027 989 2093 Ne
1004 2027 1103 2094 simus
1124 2025 1223 2114 longi,

70 2157 138 2202 sena
159 2136 259 2204 rerba
280 2157 352 2203 essc
375 2135 468 2203 nobis
492 2136 645 2204 videntur
666 2159 770 2226 usqne
792 2137 850 2204 ad:
872 2135 930 2204 καὶ
943 2135 983 2204 εὑ
1000 2133 1105 2218 οὑιως
1122 2135 1224 2226 μέρος

70 2245 130 2314 tori
149 2251 207 2337 ιῆς
228 2242 370 2332 ὑγιείας,
394 2258 493 2336 atque
515 2247 554 2312 iis
577 2247 774 2316 sententiam
797 2247 1021 2316 subiciendam
1042 2271 1113 2316 csse
1133 2257 1224 2337 puta·

70 2381 129 2426 nor
150 2361 247 2426 hanc:
276 2361 338 2426 hoc
361 2359 510 2426 ultimum
533 2370 643 2426 eutem
667 2359 772 2426 estid
796 2357 883 2448 quod
908 2359 1024 2444 efficit,
1054 2359 1122 2426 scil.
1143 2359 1225 2426 scni-

69 2477 173 2552 utem,
199 2479 233 2536 et
260 2469 349 2558 quod
374 2469 420 2535 ita
448 2493 483 2535 se
511 2469 626 2554 habet,
654 2473 724 2538 scil.
753 2482 790 2539 ut
817 2469 989 2538 sanitatem
1018 2468 1139 2536 efficiat
1169 2466 1222 2556 (εὑ

68 2575 170 2662 οὑτως,
192 2581 232 2648 cf.
256 2581 410 2648 formulas
431 2576 472 2646 εὑ
493 2583 615 2661 καλῶς,
638 2579 678 2648 εὑ
693 2585 813 2663 κακῶς,
834 2577 874 2647 τὸ
890 2573 953 2667 εὖ),
977 2603 1053 2669 pars
1076 2579 1223 2648 sanitatis

68 2701 116 2756 est
159 2692 251 2772 Quas
272 2693 300 2758 ei
323 2714 401 2758 vera
422 2701 513 2773 sunt,
539 2701 685 2779 praestat
714 2692 861 2780 recipcre
883 2691 1078 2779 scripturam
1101 2689 1222 2758 codicis

14 2866 19 2877 ,
68 2799 122 2868 Ab:
143 2805 241 2870 τοῦτο
264 2797 299 2870 δ’
323 2797 461 2886 ἔσχατόν
483 2801 555 2870 ἐστι
578 2802 617 2870 εὑ
641 2807 779 2872 ποιοῦν.
822 2803 935 2892 Atque
964 2802 1102 2868 sortasse
1125 2801 1222 2870 etiam

67 2911 268 2982 incontentia
289 2914 440 3003 sequenti
463 2934 546 3000 quac
569 2914 603 2982 in
624 2912 673 2979 Ab
698 2926 731 2982 et
753 2913 804 2980 Hb
827 2911 994 2980 codicibus
1016 2912 1224 2998 reperiuntur

67 3024 250 3115 reliquorum
285 3028 466 3112 scripturae
499 3024 716 3112 praeferenda
750 3035 835 3092 sunt.
894 3023 1032 3108 Legitur
1065 3025 1151 3090 enim
1188 3024 1221 3092 in

4 3147 5 3158 ¹
68 3143 208 3225 utroque:
235 3137 292 3214 καὶ
320 3135 359 3203 cri
382 3131 492 3215 οὑτως
514 3133 587 3204 ἐστὶ
608 3135 647 3203 εὑ
667 3135 771 3225 μέρος
792 3137 851 3223 τῆς
871 3128 1015 3222 ὑγιείας,
1046 3132 1093 3198 ite
1118 3143 1155 3200 ut
1181 3132 1221 3202 τὸ

66 3244 157 3332 μέρος
183 3251 226 3316 sit
255 3247 453 3314 subiectum:
487 3255 586 3334 atque
618 3269 695 3334 pars
723 3246 869 3314 sanitatis
896 3255 946 3310 est
973 3244 1006 3310 id
1044 3245 1132 3332 quod
1159 3244 1221 3312 hoc

67 3357 152 3424 uodo
173 3382 210 3425 se
231 3359 340 3441 habet,
363 3358 432 3426 scil.
446 3367 485 3424 ut
499 3355 672 3424 sanitatem
687 3357 818 3424 efficiat.
853 3356 923 3422 Iam
941 3353 1119 3443 quaeritur,
1142 3356 1221 3444 quid

68 3465 200 3536 titillari
221 3470 380 3553 ultimum,
403 3463 553 3536 roicori'
571 3463 719 3550 ἔσχατοι.
752 3461 904 3532 Pro'fccto
919 3464 952 3532 id
969 3464 1055 3554 quod
1071 3467 1219 3536 ultimum

67 3579 321 3668 recogitationis
332 3580 485 3670 quodque
497 3579 628 3646 efficere
639 3589 689 3644 est
700 3599 801 3668 penes
812 3575 986 3658 medicum,
999 3577 1040 3642 cf.
1057 3577 1139 3642 1032
1150 3579 1172 3645 b
1183 3579 1219 3645 8:

3 3736 4 3765 ,
67 3687 116 3754 tui
135 3687 241 3770 οὑτως
263 3685 319 3760 cici
340 3697 418 3772 νοεῖ,
442 3690 505 3771 ἕως
527 3684 568 3758 ἂν
590 3684 700 3777 άγάγῃ
722 3684 770 3768 είς
791 3690 891 3756 τοῦτο
914 3679 1054 3766 &critic
1077 3682 1220 3758 δίναιαι

67 3791 195 3882 ίαχαιον
223 3805 345 3870 ποιεῖν.
375 3805 465 3868 blo:
495 3796 600 3890 ἡμίν
622 3795 694 3870 άπὸ
722 3803 782 3887 τῆς
804 3795 906 3888 ἀρχῆς
934 3801 1078 3870 καὶτοῦ
1107 3795 1220 3879 εἴδους

3 3913 4 3922 ’
67 3905 179 4000 reinero,
202 3907 223 4002 ἡ
246 3907 279 3980 δ’
297 3908 369 3982 άπὸ
390 3917 452 3980 τοῦ
472 3908 666 3981 τελευταίου
686 3913 745 4000 τῆς
766 3907 914 4000 νοήσεως
935 3909 1082 4001 ποίησις.
1121 3910 1219 3978 Calor

67 4023 114 4108 qui
140 4036 189 4093 est
215 4025 250 4092 in
279 4046 432 4113 corpore,
459 4025 605 4092 ultimum
635 4035 704 4090 erat
732 4021 950 4112 cogitationis,
979 4045 1051 4088 curn
1074 4021 1218 4090 medicos

66 4135 217 4218 quomodo
251 4136 337 4202 bona
369 4134 521 4202 valetudo
553 4133 753 4203 restituenda
779 4141 866 4200 csset
883 4148 1006 4199 'secum
1033 4131 1217 4219 reputabat,

66 4253 154 4334 tique
186 4246 288 4315 efficit
322 4245 515 4327 sanitatem,
550 4269 623 4312 cum
656 4245 725 4310 eius
757 4267 832 4330 pars
862 4243 912 4308 sit
958 4242 1051 4322 Quae
1084 4265 1218 4331 prorsus

67 4354 172 4426 adem
192 4356 354 4426 sententia
382 4355 501 4444 legitur
522 4356 566 4440 Ζ,
587 4356 618 4422 9.
646 4355 728 4422 1034
742 4355 837 4420 aab:
863 4351 903 4420 εὑ
929 4352 992 4442 γάρ
1020 4349 1130 4422 α’ίτιον
1157 4357 1218 4424 cori

67 4473 169 4538 ποιεῖν
190 4471 326 4560 πρῶτον
347 4461 432 4536 καθ’
457 4460 540 4536 atro*
562 4465 675 4559 μέρος.
698 4461 868 4556 θερμότης
888 4462 953 4554 ’νὰς
974 4459 995 4556 ἦ
1018 4459 1109 4558 inii
1124 4463 1216 4558 ’‘mi-
