2966 5072
685 463 725 522 73

163 647 280 712 quam
300 629 512 696 revocandum
533 651 606 698 eum
628 630 793 697 auditores
815 630 1032 712 arctioresque
1053 628 1083 693 ei
1111 624 1204 710 quasi

163 733 349 814 terminos,
379 735 468 800 intra
485 756 566 820 quos
589 757 623 802 se
653 736 829 816 contineat,
862 730 1103 800 constituendos
1133 751 1203 797 esse

166 835 449 924 existiment¹⁶⁸).

246 939 350 1024 Atque
376 941 457 1008 haee
488 945 552 1024 est,
586 961 683 1027 quam
713 940 825 1008 Cicero
860 941 938 1007 dioit
967 959 1093 1007 omnem
1121 936 1203 1002 anti·

167 1061 316 1126 qnorum
338 1051 371 1110 et
393 1046 614 1113 Aristoteliam
636 1051 669 1112 et
688 1046 880 1114 Isocratiam
908 1046 1067 1112 rationem
1096 1047 1202 1108 orato-

169 1147 262 1212 riam
283 1149 460 1232 oompleeti.
505 1149 714 1217 Aristotelem
735 1171 811 1215 vero
832 1150 927 1233 plane
951 1148 1096 1227 eosdem,
1121 1165 1202 1229 quos

171 1249 382 1334 Cioeronem,
406 1255 529 1320 oratori
551 1255 763 1338 assignavisse
784 1253 864 1319 fines
892 1275 989 1338 quam
1017 1251 1202 1337 longissime

171 1355 323 1440 prolatos
356 1379 455 1442 quum
487 1359 567 1442 ipsis
599 1358 706 1424 uerbis
736 1358 778 1426 ab
808 1379 847 1425 eo
877 1358 940 1424 dici
972 1358 1118 1424 audimus
1132 1354 1200 1439 ¹⁶⁹),

170 1467 247 1526 tum
270 1482 309 1526 ex
329 1462 432 1528 totins
454 1464 523 1548 ejus
545 1461 586 1528 de
607 1467 679 1528 arte
704 1461 867 1528 rhetorica
896 1446 1003 1546 operis
1032 1460 1139 1528 indole
1168 1463 1202 1523 et

173 1565 304 1632 ratione
325 1567 461 1651 intelligi
482 1566 567 1632 lieet.
612 1565 683 1644 Qua
705 1567 789 1632 enim
811 1566 992 1632 subtilitate
1013 1572 1047 1632 et
1068 1565 1200 1648 diligen·

172 1669 225 1734 tis
244 1669 389 1754 loquitur
411 1671 451 1736 de
473 1670 630 1752 moribus,
658 1670 841 1753 affectibus,
865 1670 979 1736 studiis
1010 1690 1075 1734 non
1097 1667 1201 1733 solum

173 1772 439 1856 adolescentium,
459 1777 620 1860 juvenum,
644 1795 763 1853 senum,
787 1774 1019 1840 verumetiam
1033 1771 1198 1851 nobilium,

173 1875 321 1960 divitum,
343 1881 533 1962 potentium,
556 1878 810 1959 fortunatorum,
833 1876 873 1942 de
895 1876 1131 1956 misericordia,
1159 1873 1200 1938 de

173 1981 413 2066 indignatione,
438 1983 477 2048 de
499 1982 632 2062 invidia,
661 1980 792 2046 ceteris!
821 1981 856 2045 in
882 1980 998 2064 quibus
1027 1979 1124 2046 rebus
1148 1976 1199 2042 01-

173 2107 251 2152 cero
271 2087 368 2171 plane
390 2086 575 2152 Aristotelis
597 2086 758 2151 rationem
779 2085 925 2169 sequitur
940 2085 999 2170 ¹⁷⁰)
1025 2105 1083 2150 neo
1110 2085 1199 2168 igno·

173 2209 244 2270 rus,
273 2197 431 2275 quantum
450 2192 506 2256 isti
527 2197 652 2256 ueteres
679 2188 877 2274 philosophi,
907 2190 1054 2272 inprimis
1075 2189 1200 2254 Aristo·

171 2293 266 2376 tales,
290 2295 357 2360 arti
378 2295 540 2359 oratoriae
560 2294 750 2374 tribuerint,
781 2293 868 2377 quod
891 2293 1042 2359 Crassum
1067 2293 1198 2377 loquen-

172 2404 241 2462 tem
261 2396 341 2463 iacit
362 2397 413 2462 his
434 2398 541 2464 verbis
555 2399 632 2482 ¹⁷¹):
676 2396 801 2475 Quibus
823 2398 863 2463 de
878 2397 975 2464 rebus
991 2397 1197 2464 Aristotelem

172 2507 208 2566 et
229 2500 488 2585 Theophrastum
510 2502 677 2586 scripsisse
697 2500 812 2566 fateor.
857 2500 921 2566 Sed
944 2502 1033 2583 vide,
1063 2521 1104 2566 ne
1127 2500 1197 2580 hoo,

171 2604 341 2686 Scaevola,
362 2611 468 2671 totum
490 2607 534 2672 sit
556 2627 576 2671 a
597 2626 658 2671 me.
702 2605 785 2671 Nam
807 2625 883 2688 ego,
917 2626 1000 2689 qnae
1030 2610 1106 2672 sunt
1126 2625 1198 2670 ora-

171 2711 330 2776 turicum
351 2709 414 2776 illis
430 2711 618 2792 communia,
641 2731 706 2776 non
726 2714 857 2774 mutuor
869 2708 911 2775 ab
923 2709 1003 2774 illis:
1025 2708 1090 2789 isti,
1115 2727 1198 2792 quae

172 2813 214 2880 da
235 2813 287 2880 his
309 2814 408 2880 rebus
430 2815 607 2899 disputant,
631 2820 798 2880 oratorum
814 2833 884 2879 esse
899 2813 1087 2890 concedunt,
1131 2812 1196 2877 Ita·

172 2940 236 3004 que
257 2924 383 2984 eeteros
404 2918 504 2985 libros
535 2919 616 2984 artis
646 2937 724 2984 suae
752 2915 897 2996 nomine,
929 2915 989 2982 hos
1018 2915 1196 2982 rhetoricos

171 3031 205 3088 et
227 3021 408 3088 inscribunt
430 3027 463 3088 et
491 3021 665 3106 appellant.
722 3021 851 3087 Etenim
881 3041 979 3106 quum
1009 3018 1056 3086 illi
1085 3020 1119 3085 in
1149 3020 1197 3086 di·

171 3126 274 3193 oendo
295 3125 467 3192 inciderint
488 3126 551 3191 loci
573 3124 674 3212 (quod
695 3144 850 3208 persaepe
867 3124 996 3208 euenit),
1018 3129 1056 3190 ut
1077 3123 1118 3189 de
1135 3124 1196 3191 diis

171 3230 423 3312 immortalibus,
454 3231 493 3296 de
515 3231 654 3313 pietate,
686 3229 726 3294 de
756 3228 941 3310 concordia,
975 3227 1015 3293 de
1045 3229 1195 3310 amicitia,

171 3335 213 3400 da
235 3335 395 3402 eommuni
420 3334 548 3414 civium,
588 3334 628 3398 de
659 3332 838 3414 hominum,
873 3330 913 3397 de
943 3333 1088 3416 gentium
1112 3337 1194 3419 jure,

171 3440 212 3506 de
235 3439 415 3523 aequitate,
445 3437 485 3503 de
505 3439 736 3521 temperantia,
766 3436 807 3503 de
836 3437 1058 3522 magnitudine
1084 3437 1194 3521 animi,

246 3713 313 3782 168)
329 3715 392 3768 idid.
411 3718 456 3779 ΙΙΙ,
482 3716 532 3776 32,
560 3715 627 3778 126;
652 3723 676 3765 et
693 3715 791 3765 maxime
808 3714 864 3764 ibid.
889 3714 934 3774 lll,
961 3713 1009 3774 36,
1037 3713 1088 3766 111
1106 3731 1141 3780 sq.

172 3803 239 3871 169)
259 3805 358 3855 metor.
379 3807 396 3866 l,
415 3822 436 3855 o.
456 3804 488 3854 2:
514 3799 528 3868 ἡ
547 3801 576 3856 δί
594 3801 724 3872 ‘hungeri
742 3801 804 3870 περὶ
822 3801 867 3854 τοῦ
885 3803 1023 3866 δοθέντος,
1049 3803 1086 3864 ὥς
1103 3805 1195 3866 οἰκεῖν,

169 3891 246 3944 δοκοῖ
264 3891 402 3946 δύνασθαι
420 3897 536 3962 θεωρεῖν
554 3891 581 3944 rb
599 3893 735 3944 πιθανόν·
753 3890 797 3943 διὰ
815 3893 862 3944 καί
879 3891 1064 3963 perpenditur
1083 3892 1114 3945 οὐ
1133 3896 1195 3962 περὶ

170 3997 192 4031 ον
210 3981 291 4050 γένος
309 3981 380 4034 ἴδιον
394 3979 588 4051 ἀφωρισμένον
601 3983 671 4050 ἔχειν
685 3979 712 4031 τὸ
731 3979 859 4048 salvande.
960 3982 1025 4050 170)
1043 3983 1073 4032 de
1093 3984 1194 4034 Orotor.

169 4073 187 4129 Ι,
210 4071 252 4132 15,
272 4071 315 4130 69,
333 4075 373 4123 ubi
391 4075 488 4124 Crassus
508 4073 578 4122 huet:
602 4086 673 4137 quare
699 4071 735 4120 hic
753 4070 815 4120 loeus
834 4071 863 4119 de
887 4071 931 4120 vita
956 4079 979 4122 et
1004 4072 1107 4122 moribus
1131 4079 1193 4122 totus

168 4171 206 4214 eat
224 4163 309 4214 oratori
328 4163 501 4227 perdiscendas.
613 4159 678 4228 111)
696 4160 759 4212 idid.
779 4161 801 4220 Ι,
823 4159 872 4222 13,
891 4161 933 4212 55.
953 4177 990 4225 sq⁴
