2950 5076
653 443 697 518 21

199 641 307 722 Itaque
328 627 394 703 cuin
414 663 513 724 neque
535 640 673 722 exempla
695 662 774 723 quaa
795 640 887 704 allata
910 639 1070 725 quidquam
1095 653 1243 726 suntpro·
1308 693 1314 706 .

18 814 20 816 ,
116 744 185 804 bant
205 763 302 825 nsque
333 747 363 803 in
386 746 519 805 Politicis
543 745 622 806 nllus
644 746 727 805 locus
748 747 925 819 inveniatur,
946 741 1036 806 ubiri
1058 739 1121 827 γάρ
1142 766 1243 820 „nam-

10 915 18 921 ‚
115 848 201 925 que“‚
226 848 372 918 „etenim‘·‘
397 848 563 924 significare
587 856 701 908 constet
723 867 822 929 neque
849 849 880 907 in
899 847 1005 908 ceteris
1027 849 1145 929 scriptis
1166 865 1244 928 quae

10 991 21 998 .
115 948 211 1008 evolvi
232 949 308 1008 tales
328 950 384 1008 loci
407 951 582 1024 oxment*),
614 949 666 1008 ille
685 950 894 1028 particularum
917 945 955 1008 τὲ
975 943 1036 1030 γάρ
1060 969 1133 1010 usus
1155 969 1245 1030 quam

10 1097 12 1102 .
114 1049 259 1122 Klotnius,
285 1051 469 1114 Fritrschios
505 1052 555 1110 alii
590 1051 748 1112 volucrunt
782 1052 862 1131 apud
896 1047 1091 1114 Aristotelem
1124 1051 1246 1133 quidem

115 1153 202 1210 statui
226 1171 264 1210 ne
286 1153 336 1213 uit.

10 1229 18 1234 ,.
198 1172 308 1334 Ncqllrc
330 1255 368 1314 do
388 1254 539 1335 particulis
554 1249 591 1312 τ)
605 1247 642 1323 δή
664 1264 767 1316 omncs
787 1256 996 1332 grammaticos
1010 1264 1092 1316 recte
1110 1244 1245 1334 judicus

14 1433 20 1438 ῃ
116 1374 230 1417 censeo.
276 1357 352 1417 Cum
374 1357 461 1416 cnim'
476 1358 507 1416 iri
528 1357 575 1416 his
597 1357 748 1439 particulis
770 1355 807 1416 de
833 1376 870 1416 ea
892 1356 1012 1436 quidem
1034 1345 1067 1417 rc
1092 1378 1151 1418 non
1175 1377 1245 1436 aga·

50 1487 54 1494 ·
115 1467 169 1532 tur,
193 1477 263 1538 num
287 1453 323 1515 τέ
354 1477 474 1548 prorsus
506 1459 595 1519 aliam
629 1459 877 1536 significationem
912 1455 1023 1530 induat,
1059 1459 1115 1519 hoc
1143 1467 1266 1540 tamen,
1392 1473 1399 1490 ·
1463 1455 1464 1462 '

114 1557 232 1617 dubium
256 1571 309 1634 est,
332 1571 430 1620 utrum
451 1556 488 1618 τέ
506 1582 561 1641 per
583 1579 614 1621 se
631 1560 726 1620 solum
741 1560 895 1620 enuntiata
915 1561 1077 1638 conjungat
1097 1578 1137 1621 an
1150 1561 1244 1620 altaro

113 1655 149 1716 τέ
171 1660 219 1719 vel
241 1658 293 1724 καί
312 1661 485 1741 excipiatur.
529 1661 758 1742 llludpraeiert
786 1660 971 1722 Fritzschins
992 1681 1058 1720 cum
1080 1662 1118 1723 ad
1144 1659 1244 1724 Ethic.

119 1759 206 1826 1156.
240 1783 267 1824 a.
296 1765 332 1826 17
364 1763 438 1823 haec
476 1751 597 1824 aflerat:
620 1743 849 1838 tennensium
881 1763 1042 1843 particulae
1074 1759 1112 1821 τέ
1133 1754 1174 1832 δή
1192 1761 1243 1836 (dc

115 1864 221 1943 quibus
241 1873 273 1924 at
298 1865 329 1924 in
352 1867 591 1927 annotationibus
612 1866 649 1925 ad
673 1865 776 1943 Vigor.
802 1885 831 1944 p.
855 1863 920 1927 497
950 1873 980 1923 st
1009 1866 1117 1943 insigni
1136 1865 1243 1944 doctri·

114 1986 153 2024 na
173 1966 211 2025 ab
235 1965 327 2027 Zellio
350 1968 381 2026 in
406 1970 503 2028 nostri
527 1969 735 2028 commentario
770 1949 827 2026 loci
851 1963 1030 2046 disputatur)
1064 1966 1101 2028 ad
1125 1966 1243 2044 conclu·

114 2066 241 2127 dandam
263 2070 407 2128 rationem
431 2071 474 2128 ita
494 2071 617 2146 iaciunt,
655 2079 687 2128 ut
709 2089 774 2153 curn
799 2067 927 2127 barbari
949 2067 1078 2129 dictione
1099 2067 1161 2128 und
1179 2068 1243 2128 also

114 2171 274 2250 comparari
296 2171 418 2250 possint.
463 2171 511 2233 Of.
532 2171 626 2250 Phys.
653 2173 678 2233 1.
698 2165 727 2244 3;
756 2191 785 2250 p.
810 2161 889 2231 186..
905 2190 933 2234 a.
956 2167 986 2232 4.
1031 2171 1089 2230 An.
1114 2164 1192 2232 Gen.
1216 2164 1242 2230 I.

115 2269 163 2344 21,
199 2293 229 2352 p.
256 2270 327 2335 129.
357 2272 386 2336 b.
410 2271 446 2346 8;
480 2273 545 2332 Pol.
568 2273 610 2336 11.
634 2274 662 2347 5,
689 2293 719 2354 p.
745 2270 837 2336 1263.
862 2272 891 2334 b.
917 2273 968 2335 7.“
1012 2271 1073 2332 Sed
1107 2271 1144 2332 de
1177 2273 1244 2348 ejus

115 2374 262 2436 sententia
283 2383 443 2454 propterca
464 2375 568 2436 dubito
589 2377 661 2455 quia
683 2384 714 2434 et
734 2375 912 2435 Aristotcles
933 2373 970 2434 ad
994 2375 1024 2434 id
1039 2375 1125 2455 ‘quod
1149 2374 1244 2434 Fritz-

114 2475 211 2536 schius
232 2476 297 2536 vult
313 2476 537 2554 significandum
558 2477 712 2557 particulis
733 2473 787 2533 καὶ
808 2459 846 2544 dvi
867 2478 959 2536 utitur
979 2485 1009 2536 ct
1030 2477 1165 2537 omnibus
1180 2476 1255 2541 lere,

111 2576 325 2662 locis-quibus
350 2573 387 2634 τὲ
417 2572 455 2646 δή
482 2579 601 2656 legitur,
626 2587 750 2659 apparet
782 2573 818 2634 τέ
842 2577 880 2637 ad
914 2578 1038 2638 alteram
1070 2578 1244 2659 particulam

111 2678 305 2758 copulativam
326 2674 516 2740 referendum
546 2699 621 2739 esse.
666 2680 854 2760 Inquiramus
887 2679 979 2756 igitur
1014 2682 1045 2739 in
1077 2699 1128 2740 cos
1160 2677 1243 2739 locos

112 2799 186 2858 quos
210 2778 261 2839 ills
284 2781 390 2840 attrrlit.
434 2782 533 2840 Locus
547 2781 646 2844 Ethic.
673 2778 765 2847 1156.
788 2801 815 2843 a
841 2780 880 2842 17
903 2788 936 2839 ut
954 2800 1033 2839 nunc
1049 2781 1158 2860 legitur
1177 2801 1243 2841 cum

111 2882 174 2957 ejus
199 2882 376 2941 sententiam
398 2883 569 2944 confirmare
592 2883 737 2958 videatur,
769 2882 857 2944 aliter
887 2900 936 2942 rcs
957 2901 1024 2942 sess
1046 2883 1146 2955 habet,
1166 2883 1191 2942 si
1212 2901 1245 2940 v·

114 2980 151 3044 19
185 3003 250 3042 cum
284 2983 349 3042 cod.
374 2981 424 3042 Mt
459 3006 512 3065 pro
543 2978 582 3052 δή
601 2981 635 3042 δέ
663 2986 789 3062 legimus
823 2991 915 3064 atque
948 2978 981 3040 δέ
1010 2984 1175 3064 particulas
1207 2978 1245 3040 τέ

113 3103 166 3164 per
201 3085 418 3146 anacoluthiam
454 3086 636 3167 respondere
667 3087 832 3147 statuimus.
880 3085 930 3144 Ea
952 3105 1024 3144 vero
1047 3086 1174 3146 lectione
1198 3106 1244 3146 re-

111 3195 198 3266 cepta
229 3181 336 3247 locum*
361 3189 453 3248 multo
485 3189 703 3250 concinniorem
737 3189 801 3248 dari
824 3197 959 3268 apparet.
1004 3187 1079 3248 Cum
1112 3187 1192 3247 enim
1213 3209 1243 3252 v.

10 3341 13 3346 ,
114 3286 238 3354 14-16
257 3288 396 3350 dixisset:
433 3285 466 3347 oi
499 3310 536 3348 τε
564 3282 602 3358 δὴ
625 3282 742 3348 διοὶ’τὸ
763 3283 916 3370 χρήσιμον
939 3289 1107 3370 φιλοῦντες
1124 3281 1180 3346 διαὶ
1200 3271 1244 3347 ‘ro

110 3386 220 3461 άὸτοῐς
242 3383 370 3469 ἀγαθὰν
391 3387 569 3472 στέργουσι,
591 3390 646 3450 καὶ
667 3392 698 3450 οἱ
713 3383 750 3449 δι’
771 3385 884 3460 ἡδονὴν
907 3387 962 3450 διὰ
980 3383 1022 3448 τὰ
1038 3386 1152 3461 civois
1171 3385 1242 3471 ἡδύ,

111 3489 163 3550 καὶ
197 3484 257 3571 οὐχ
287 3485 304 3571 ᾖ
341 3488 358 3550 ὁ
381 3485 566 3574 φιλούμενός
598 3493 705 3570 ἐστιν,
738 3488 809 3550 ἀλλ’
833 3485 850 3573 ᾗ
871 3483 1058 3572 χρήσιμοςῆ
1092 3486 1166 3564 ἡδύς
1185 3493 1243 3556 dua

111 3595 204 3665 affert,
224 3615 302 3676 quaa
324 3615 363 3654 ox
385 3597 444 3657 illis
465 3597 638 3670 efficiantur,
669 3597 794 3656 altarum
816 3588 904 3654 aurci
927 3587 1116 3674 συμβεβηκὸς
1136 3595 1172 3652 oi
1191 3605 1243 3676 φι-

110 3693 174 3754 la'as
204 3687 313 3755 adrui*
328 3695 417 3773 εἰσιν,
449 3700 575 3760 alterum
591 3690 779 3778 ‚eitam
799 3699 835 3756 ai
861 3695 1018 3756 τοιαῦταί
1040 3698 1131 3773 εἰσιν,
1164 3717 1243 3778 quae

113 3983 185 4048 „lion
204 3985 287 4050 probe
305 3983 447 4036 cohaerent
464 4001 522 4038 cum
542 3986 734 4052 suffitionibus,
752 4001 800 4037 nee
813 3985 972 4052 explicatum
990 3984 1036 4038 hic
1054 3989 1103 4050 cst,
1121 4000 1245 4052 quorsum

112 4073 239 4134 pertineat
255 4070 303 4120 illa
321 4077 465 4122 memorata
482 4071 578 4122 divisio
598 4073 705 4142 imperii
723 4073 750 4122 in
770 4071 855 4123 herilo
875 4077 902 4121 ct
920 4070 1024 4122 civile!

177 4155 319 4222 potone·
340 4156 395 4208 lcrc
413 4157 467 4208 loci
486 4173 519 4208 sx
545 4164 637 4211 nostra
666 4157 816 4224 suplicandi
844 4157 946 4208 ratione
974 4155 1102 4210 facillima
1127 4156 1245 4224 intelligi

112 4247 227 4307 possunt,
254 4257 314 4292 cum
346 4240 487 4294 admodum
513 4245 592 4310 pauci
617 4243 800 4294 difficultatem
829 4243 949 4306 affaraat,
975 4243 1018 4294 alc
1050 4241 1157 4296 Rhetor.
1179 4242 1246 4292 itus

112 4324 137 4378 b.
156 4329 196 4390 l'i,
222 4327 323 4378 Poctic.
341 4329 417 4379 1461.
435 4328 461 4382 b.
481 4331 523 4380 11.
1137 4359 1141 4368 ·
