2870 5076
642 299 889 420 288--

204 535 240 592 et
259 523 498 613 cognoscendi?
526 523 593 590 Sed
616 524 774 612 quomodo
797 524 858 590 hoc
880 521 951 589 fieri
972 532 1089 613 potest,
1111 531 1148 588 ut
1170 531 1342 612 procreetur

202 637 381 702 intellectus
408 635 565 710 humanus
587 658 606 699 a
627 633 757 701 numine
780 632 889 700 divino
918 635 1014 722 utque
1036 633 1070 698 in
1097 655 1213 721 corpus
1234 631 1344 698 intret?

204 745 290 810 Num
312 745 453 810 motione
476 765 558 830 quae
580 767 598 810 u
621 743 681 808 deo
705 743 848 811 exoritur
869 742 901 810 id
925 752 1030 830 potest
1046 742 1155 808 effici?
1178 743 1289 808 Tacuit
1307 741 1344 806 de

204 855 265 919 hac
291 877 326 919 re
357 853 561 934 Aristoteles,
598 831 871 940 quemadmodum
902 852 935 918 in
964 851 1149 918 universum
1179 875 1242 918 non
1268 859 1346 918 amet

204 964 366 1052 explicere
394 984 476 1049 quse
504 961 658 1049 explicari
687 945 868 1051 nequeunt3
893 963 1048 1050 ¹quociroe
1076 983 1118 1028 ne
1144 984 1204 1027 nos
1226 960 1345 1050 quidem

205 1072 400 1142 comminisci
428 1071 589 1154 volumus,
619 1072 777 1159 quomodo
806 1072 1013 1160 philosophus
1042 1094 1111 1137 rem
1133 1071 1194 1137 eibi
1215 1069 1344 1136 finxerit.

205 1184 326 1250 Tamen
357 1181 529 1266 dicendum
552 1191 600 1248 est
623 1191 734 1248 contra
757 1181 986 1263 Themistium‚
1017 1181 1072 1268 qui
1099 1180 1227 1249 luminis
1249 1179 1347 1247 simili-

203 1291 314 1358 tudine
334 1315 420 1375 usus,
443 1316 538 1381 quom
553 1291 743 1358 Aristoteles
766 1290 806 1356 ob
823 1291 916 1356 eliam
940 1314 1067 1358 causum
1090 1291 1233 1378 protulit,
1255 1298 1346 1378 putat,

204 1400 297 1466 sicuti
319 1403 366 1466 sol
382 1403 422 1466 sit
438 1426 528 1484 unus,
549 1402 605 1467 lux
629 1411 735 1466 eutem
753 1400 896 1466 discedet
912 1399 945 1464 in
961 1400 1076 1481 radios,
1099 1401 1145 1464 sic
1160 1399 1347 1465 intellectum

206 1532 339 1597 quoque·
356 1533 425 1576 esee
448 1535 560 1593 unum,
590 1510 646 1576 eed
673 1511 705 1576 in
730 1511 846 1577 multos
870 1509 1052 1575 abeuntem.
1096 1509 1212 1598 Itaque
1235 1509 1346 1574 sicum

205 1644 242 1686 eo
265 1621 409 1703 fecimus,
434 1622 596 1688 hominum
619 1620 799 1687 intellectus
823 1628 956 1705 agentes
970 1599 1011 1684 *et
1033 1619 1214 1712 intellectus
1230 1615 1348 1684 divinus

203 1731 287 1796 inter
309 1754 343 1796 se
365 1754 427 1797 non
452 1730 611 1796 differunt.
645 1728 718 1807 Quo
742 1731 839 1796 etiem
856 1727 975 1794 Zelleri
998 1715 1157 1794 sententia
1178 1728 1306 1820 inclinet
1315 1724 1348 1813 ¹),

204 1842 350 1928 quamvis
379 1841 472 1906 homo
504 1839 704 1906 doctissimus
733 1840 809 1929 quid
833 1839 862 1906 ei
885 1839 990 1904 obstet
1011 1837 1130 1926 optime
1152 1835 1348 1904 intellexerit.

206 1950 271 2026 Sed
302 1974 373 2018 oum
397 1949 587 2039 Aristoteles
622 1950 803 2016 intellectus
822 1957 965 2036 ¹egentes
993 1947 1026 2012 in
1053 1947 1167 2014 animis
1194 1946 1347 2015 hominum

204 2062 308 2127 inesse
332 2059 463 2147 dicet²)‚
491 2061 517 2125 ei
540 2059 626 2126 illem
650 2058 819 2128 Themistii
841 2057 1032 2124 sententiam
1057 2057 1287 2145 amplectimur,
1307 2054 1348 2119 in·

204 2148 351 2236 ‹luciulur
384 2169 417 2234 in
448 2171 699 2257 panthciomum‚
737 2192 831 2257 quem
860 2190 879 2231 c
909 2166 1055 2234 doctrina
1082 2167 1276 2256 Aristotelea
1301 2164 1348 2231 eb·

204 2283 333 2347 horrere
357 2280 433 2346 satis
457 2280 685 2366 comprobetur
707 2263 777 2346 loco
800 2300 863 2344 uno
887 2277 942 2365 qui
966 2286 1014 2343 est
1036 2277 1114 2344 Met.
1136 2283 1186 2361 A,
1214 2279 1252 2344 10
1271 2275 1348 2359 inf).

204 2392 320 2478 Itaque
343 2413 400 2456 nos
423 2389 554 2478 quidem
575 2388 667 2455 nobis
689 2389 907 2477 persuasimus
929 2386 1109 2453 intellectus
1132 2398 1265 2474 egentes
1286 2408 1349 2450 esse

205 2500 347 2586 singulos
370 2500 570 2585 singulorum
592 2497 766 2582 hominum,
791 2497 950 2582 originem
966 2518 1043 2562 vero
1059 2496 1179 2572 habere
1195 2495 1349 2564 acumine

205 2609 311 2676 diuino
322 2610 358 2694 ⁴).
394 2609 549 2678 Similiter
565 2609 756 2676 Aristoteles
780 2607 871 2674 uobis
888 2606 1015 2674 videtur
1038 2606 1133 2674 etiam
1157 2607 1348 2696 planetarum

203 2751 404 2762 ---.-..-...

279 2818 296 2883 ¹)
314 2818 413 2871 Philon.
433 2818 457 2870 d.
477 2819 580 2872 Griech.
600 2819 635 2882 11,
655 2821 678 2871 ν.
698 2834 722 2883 p.
734 2820 799 2868 440:
821 2816 888 2877 ,Die
900 2814 1003 2882 thttige
1014 2815 1145 2866 Vernuuft
1157 2817 1194 2867 ist
1207 2817 1253 2867 mit
1265 2815 1349 2866 Einem

205 2905 280 2955 Wort
297 2903 371 2956 nicht
395 2905 475 2956 ullein
498 2905 544 2956 due
563 2904 696 2958 Gtttliche
721 2905 756 2954 im
775 2902 932 2966 Menochen‚
956 2902 1067 2953 eoudern
1093 2903 1132 2954 eie
1153 2905 1189 2955 ist
1214 2904 1258 2955 der
1275 2899 1351 2953 Erebe

204 2991 273 3045 noch
291 3007 345 3043 von
368 2991 427 3042 dem
451 2993 597 3058 gtttlichen
616 2993 705 3056 Geiste
729 2990 812 3041 selbot
828 2989 903 3040 nicht
920 2988 1108 3054 verschieden3
1134 2990 1202 3042 denn
1226 3005 1298 3041 wenn
1315 2987 1351 3037 eie

205 3079 273 3132 euch
295 3079 335 3132 ele
357 3079 531 3132 individuelle
554 3080 603 3130 mit
627 3078 685 3128 dem
707 3078 784 3129 Koim
813 3078 900 3129 seiner
925 3075 1108 3144 kerporliohen
1137 3078 1193 3128 und
1214 3075 1350 3129 oeelischen

204 3169 287 3219 Netur
305 3167 333 3216 in
353 3166 401 3216 den
420 3167 564 3219 Eionelnen
590 3165 709 3236 eingeht,
735 3164 801 3216 wird
824 3165 863 3215 sie
886 3164 954 3216 doch
977 3162 1101 3232 ungleich
1125 3179 1155 3215 uc
1178 3163 1349 3223 besohriebcn‚

204 3255 264 3306 does
283 3254 354 3304 dieue
371 3254 571 3321 Beechreibung
588 3269 639 3304 nur
657 3253 704 3304 auf
720 3252 769 3302 den
789 3252 962 3318 allgemeinen
982 3252 1057 3304 (leist
1075 3255 1173 3318 peuet.“

277 3341 297 3406 ²)
315 3343 356 3393 De
375 3345 453 3394 onim.
472 3341 506 3406 ΙΙ,
527 3345 550 3392 2.
570 3343 622 3392 413
634 3339 652 3390 b
666 3344 714 3392 24:
731 3338 795 3406 περὶ
814 3336 845 3390 δὲ
863 3339 913 3389 τοῦ
931 3339 982 3391 νοῦ
1001 3341 1048 3392 καὶ
1064 3341 1110 3405 τῆς
1127 3340 1291 3409 θεωρητικῆς
1307 3335 1350 3388 δυ-

207 3423 315 3496 νάμεως
334 3424 415 3480 οὐδέν
435 3443 478 3477 πω
498 3422 631 3497 φανερόν,
651 3422 711 3478 ἀλλ’
727 3426 798 3480 ἔοικε
812 3426 901 3494 ψυχῆς
912 3429 994 3495 γένος
1012 3426 1104 3497 ἕτερον
1122 3425 1201 3490 εἶναι,
1220 3425 1349 3480 καὶτοῦτο

203 3510 293 3585 μόνον
312 3513 452 3582 ἐνδέχεται
465 3516 643 3582 χωρίζεσθαι,
661 3511 791 3583 καθάπερ
809 3511 839 3566 τὸ
859 3511 953 3568 ἀΐδιον
970 3516 1020 3567 τοῦ
1039 3515 1179 3585 φθαρτοῦ.
1201 3517 1254 3579 un,
1266 3519 1290 3566 ὁ.
1307 3514 1349 3563 in:

203 3599 279 3656 ’.Επεὶ
299 3600 328 3653 δ’
350 3596 442 3668 ὥσπερ
462 3595 604 3678 Kronion
623 3601 655 3671 τῇ
673 3595 757 3668 φύσει
776 3601 835 3654 ἔστί
849 3620 873 3654 τι
891 3597 921 3654 τὸ
940 3600 994 3672 μὲν
1013 3597 1063 3668 ὕλη
1081 3599 1188 3669 ἑκάστῳ
1206 3604 1276 3670 γένει
1280 3631 1349 3665 .....

205 3692 297 3762 ἕτερον
316 3688 347 3742 δὲ
365 3686 395 3741 τὸ
414 3689 502 3740 αἴσιον
520 3688 568 3738 καὶ
586 3683 736 3752 ποιητικόν,
754 3725 760 3740 .
777 3725 783 3740 .
800 3727 808 3742 .
823 3684 930 3758 ἀνάγκη
955 3689 1003 3743 καὶ
1026 3689 1057 3744 ἐν
1081 3689 1114 3762 τῇ
1132 3689 1209 3762 ψυχῇ
1227 3683 1351 3755 ὑπάρχειν

205 3774 304 3836 ταύτας
327 3777 374 3834 τὰς
399 3769 544 3845 διαφοράς.
569 3775 617 3826 καὶ
641 3774 714 3829 ἔστιν
734 3771 748 3828 e‘
767 3774 821 3847 μὲν
838 3777 960 3837 τοιοῦτος
978 3778 1043 3836 νοῦς
1060 3779 1097 3846 τῷ
1116 3773 1207 3831 πάντα
1225 3778 1352 3846 γίνεσθαι,

206 3864 220 3919 ὁ
241 3865 271 3919 tt
289 3866 326 3932 τῷ
343 3859 434 3918 πάντα
453 3865 551 3916 ποιεῖν.

280 3954 298 4016 ³)
315 3948 511 4004 Ἐπισκεπτέσν
530 3947 561 4002 δὲ
580 3950 627 4004 καὶ
646 3952 766 4019 ποτέρως
785 3949 839 4019 ἔχει
852 3947 868 4016 ἡ
882 3953 930 4004 τοῦ
949 3946 1016 4003 ὅλου
1035 3946 1118 4022 φύσις
1136 3949 1166 4005 τὸ
1186 3943 1352 4021 ἀγαθὸνκαὶ

205 4038 235 4094 τὸ
255 4037 377 4111 ἄριστον,
401 4035 518 4106 πότερον
543 4041 748 4110 κεχωρισμένον
769 4058 794 4091 τι
818 4039 864 4090 καὶ
888 4035 954 4091 αὐτὸ
979 4037 1045 4091 καθ’
1066 4034 1147 4106 αὑτό,
1172 4033 1255 4106 irim
1271 4033 1350 4095 σάξινι·

205 4123 222 4195 ἢ
241 4126 403 4197 ἀμφοτέρως
427 4122 519 4195 ὥσπερ
544 4121 709 4200 στράτευμα.
733 4129 780 4180 καὶ
803 4123 856 4196 γὰρ
883 4125 913 4179 ὲν
934 4128 967 4199 τῇ
990 4123 1062 4186 τάξει
1081 4123 1110 4180 τὸ
1130 4120 1160 4180 εὗ
1179 4129 1227 4180 καὶ
1245 4125 1259 4179 ὁ
1279 4139 1351 4192 σιρα-

206 4210 298 4284 myris,
320 4215 368 4265 καὶ
393 4213 502 4284 μᾶλλον
526 4199 618 4273 ciros·
643 4212 675 4268 οὐ
698 4215 751 4288 γὰρ
775 4203 853 4274 οὗτος
876 4212 922 4268 διὰ
945 4213 993 4282 τὴν
1017 4212 1093 4276 τάξιν
1118 4211 1182 4267 ἀλλ’
1203 4215 1291 4279 ἐκείνη
1310 4203 1350 4262 διὰ

206 4297 303 4356 τοῦτόν
321 4299 403 4356 ἐστιν.

276 4390 298 4460 ⁴>
318 4389 358 4442 Cf.
377 4389 444 4444 Plut.
465 4390 532 4446 Tim.
551 4393 676 4466 410eqq.
