2966 5072
5 4155 9 4238 t

5 4303 9 4400 t

681 491 853 550 15.

183 699 310 763 sempor
331 677 518 756 retinuerit,
552 678 651 742 etiam
679 676 762 742 uliae
789 695 906 742 eeusce
927 673 1026 740 fuisso
1040 673 1205 740 ¹videntur.

182 783 242 849 Est
264 783 349 848 enim
370 781 527 864 dialogus,
551 781 639 864 quod
661 779 787 864 singule
809 799 953 863 quaeque
971 785 1122 844 uconrcte
1136 799 1208 862 per·

183 887 340 970 seqnitur,
364 891 397 952 et
419 885 619 966 considerat,
643 905 739 968 coepe
760 885 881 950 insistit
904 889 941 952 et
959 885 1052 967 quasi
1075 884 1207 948 circum·

182 991 296 1075 spicit,
330 1011 371 1056 ne
401 989 480 1074 quid
502 987 635 1073 effugiet
656 990 762 1055 nunus
792 988 964 1071 diligenter
992 987 1209 1054 examinatum

184 1115 288 1178 euque
309 1094 351 1158 de
372 1113 471 1158 cause
491 1093 604 1177 longas
626 1095 787 1158 orationes
809 1110 875 1156 unu
888 1092 1106 1174 perpetuitate
1115 1113 1209 1176 prae·

183 1197 380 1264 tervolnntes
409 1196 598 1281 plerumque
628 1197 752 1280 respuit
764 1197 825 1280 ⁵⁰),
859 1195 903 1260 ad
935 1203 1059 1262 certum
1088 1196 1210 1280 aliquid

182 1302 407 1369 inveniendum
428 1309 527 1386 atque
548 1302 741 1368 firmandum
762 1302 856 1386 longe
878 1301 1074 1386 aptissimus.
1126 1301 1211 1366 Nom

183 1413 220 1472 ut
248 1407 314 1472 duo
336 1407 436 1491 aliqui
465 1407 653 1492 plerumque
675 1407 748 1492 plus
774 1407 881 1472 valent
910 1406 1055 1490 corporis
1076 1406 1208 1488 viribus,

186 1512 233 1576 sic
254 1513 353 1576 etium
375 1511 433 1596 qui
462 1531 534 1576 cnm
557 1512 659 1576 altero
689 1510 812 1595 aliquid
841 1516 948 1576 mente
976 1511 1080 1595 agitet
1109 1516 1209 1596 utque
1319 1543 1328 1560 ι

184 1616 291 1682 animo
313 1616 569 1699 contemplatur,
600 1639 699 1700 qnum
720 1617 815 1700 qussi
837 1618 905 1702 ejus
928 1617 1027 1682 enimi
1047 1615 1130 1682 vires
1152 1615 1209 1681 ed-

183 1721 360 1801 ucaverit,
395 1720 536 1805 aliquem
558 1743 648 1805 spem
669 1721 789 1788 bebere
811 1726 919 1804 potest
940 1721 1010 1786 iore
1038 1726 1075 1786 ut
1102 1721 1207 1786 verius

185 1825 368 1909 certiusque
391 1825 433 1890 sit
455 1825 506 1905 id,
530 1825 711 1909 quodcum
733 1825 836 1891 altero
859 1825 1032 1907 repererit,
1060 1845 1158 1908 quam
1181 1823 1209 1890 'si

184 1929 272 1996 solus
292 1951 352 2013 per
373 1949 409 1996 se
431 1934 565 1995 acturus
586 1930 710 1996 fnisset.
764 1929 853 2008 Quae
876 1949 948 2012 spes
976 1927 1148 2012 augebitur
1170 1949 1208 1994 eo

187 2034 298 2118 magis,
323 2055 386 2117 quo
407 2033 595 2117 peritiorem
616 2033 753 2098 alterum
775 2036 842 2118 ejus
864 2032 922 2112 rei,
946 2031 985 2098 de
1007 2053 1072 2116 quc
1091 2033 1207 2116 agitur,

188 2159 257 2204 cose
286 2137 480 2222 cognoverit.
531 2136 641 2204 Hobet
671 2139 757 2204 enim
784 2137 869 2202 hunc
901 2136 988 2201 velut
1018 2135 1210 2220 prudentem

188 2241 348 2307 arbitrum
370 2248 469 2326 atque
498 2242 750 2307 existimatorem
777 2242 955 2306 sententiae
984 2259 1078 2321 suec,
1112 2261 1209 2324 quem

186 2352 243 2412 cut
264 2345 431 2426 retinebit,
465 2346 495 2410 si
518 2367 626 2411 rerem
658 2367 747 2426 enm,
778 2351 836 2410 ent
862 2344 1002 2431 rejiciet,
1034 2347 1061 2412 si
1093 2341 1209 2412 salsam
1251 2391 1254 2398 «

185 2451 283 2517 icisse
305 2450 494 2535 apperuerit
508 2451 586 2546 51)..
607 2447 881 2528 Quemadmodum
902 2456 1026 2530 eutem,
1056 2451 1112 2534 qui
1133 2449 1208 2514 libri

185 2556 304 2622 nostris
321 2553 521 2639 temporibus
537 2553 731 2636 scribuntu,
755 2575 877 2636 eorum,
899 2559 1111 2639 posteaquam
1130 2553 1209 2620 editi

185 2665 270 2741 sunt,
293 2679 431 2725 censure
452 2657 561 2742 eliqua
571 2657 684 2724 confici
703 2658 816 2739 solent,
840 2679 906 2743 quc
924 2677 1008 2742 quoe
1029 2657 1112 2724 false
1132 2663 1210 2724 sunt

186 2769 219 2827 et
238 2761 400 2828 minusad
421 2761 590 2828 temtatem
613 2762 709 2844 dicta,
733 2763 947 2846 corrigtmtur,
964 2763 1010 2828 s'ic
1025 2763 1082 2847 qui
1101 2762 1208 2828 scisci·

187 2865 286 2932 tando
307 2887 379 2932 cum
402 2865 507 2934 altero
529 2867 611 2953 egit,
647 2889 720 2934 eum
750 2871 819 2954 ejus
849 2868 911 2948 rei,
946 2887 1044 2952 quam
1075 2873 1207 2948 tractet,

186 2971 324 3055 quodum
345 2970 443 3036 modo
465 2991 630 3038 censorem
650 2978 840 3056 perpetuum
855 2978 889 3038 et
911 2976 1114 3056 praesentem
1124 2970 1208 3057 judi-

184 3097 253 3142 cem
274 3082 372 3160 stque
394 3081 609 3142 correctorem
622 3076 744 3161 ubique
757 3097 866 3142 secum
884 3074 992 3145 hebet.
1036 3075 1210 3144 Praetereo

184 3182 239 3265 qui
260 3179 386 3263 dialogo
408 3180 443 3242 in
464 3177 660 3263 disputando
682 3180 801 3256 utitur,
834 3201 894 3264 por
922 3180 1060 3245 alterum
1081 3201 1209 3264 sempor

184 3285 276 3369 quusi
297 3284 405 3348 metiri
424 3287 549 3366 potest,
584 3303 681 3366 quam
703 3283 746 3350 sit
768 3271 925 3368 quidque,
959 3283 1047 3369 quod
1079 3283 1206 3364 dixerit,

183 3389 304 3456 clerum
326 3394 360 3454 et
380 3385 602 3472 perspicuum
623 3393 741 3472 potest,
765 3408 848 3472 quae
870 3394 946 3454 sunt
968 3389 1011 3454 ud
1027 3387 1206 3474 intelligen-

184 3495 260 3561 dum
282 3493 474 3574 difficiliora,
497 3491 657 3576 explicare
680 3493 810 3559 uberius
828 3493 1006 3580 adjiciendo
1025 3493 1100 3574 ulio,
1122 3515 1205 3578 quoe

184 3599 226 3666 ed
254 3595 496 3681 intelligendum
529 3618 688 3682 quamque
721 3619 790 3663 rem
818 3596 935 3664 idonee
970 3603 1061 3678 sunt;
1099 3603 1207 3684 potest

184 3725 280 3788 saepo
301 3702 387 3768 viem
409 3699 587 3782 ostendere,
611 3722 676 3786 quc
698 3701 740 3768 ed
759 3701 802 3782 id,
825 3701 911 3787 quod
927 3707 1113 3786 quaeratur,
1134 3724 1207 3787 per·

184 3807 282 3874 veniri
305 3805 420 3891 possit.
464 3801 603 3872 Maxime
624 3811 733 3872 cutem
749 3811 856 3890 potest
871 3807 992 3874 evitare
1004 3803 1206 3892 jejunitatem

234 4103 278 4174 eo)
298 4105 363 4160 rur.
385 4105 486 4176 nm.
505 4123 528 4173 ρ.
547 4109 608 4170 ose,
628 4111 654 4160 o.
673 4123 709 4173 sq.
733 4110 804 4178 corp
825 4121 848 4172 ρ.
866 4107 920 4160 uo
939 4109 964 4159 n.
1073 4107 1121 4174 ει)
1140 4107 1205 4160 rrae.
1344 4115 1351 4126 ·

177 4190 280 4264 Pro-9.
298 4209 322 4259 p.
342 4193 408 4257 ³48,
427 4197 455 4246 Ι).
474 4211 510 4262 sq.
