2966 5072
636 495 676 556 81

137 660 244 726 acrius
260 665 317 726 aut
331 661 436 728 lenius
453 661 671 744 colloquentes
692 667 803 745 agunt,
826 666 944 727 natura
960 659 1023 726 sort
1045 679 1161 738 renue,

138 763 179 828 de
200 765 318 849 quibus
339 787 445 832 sermo
467 771 526 847 est,
550 787 686 849 quarum
702 787 797 849 saepe
810 764 893 831 aliae
909 765 981 830 aliis
998 763 1161 846 graviores

137 868 362 934 existimantur
384 869 619 954 dignioresque,
642 872 676 935 in
693 870 811 954 quibus
827 868 1035 935 defendendis
1052 887 1161 933 omnes

138 971 234 1036 animi
268 973 352 1038 vires
385 973 604 1040 intendantur.
662 972 878 1051 Quamobrem
917 973 952 1038 in
983 973 1023 1037 iis
1055 972 1161 1050 rebus,

138 1097 220 1160 quae
241 1076 284 1142 ad
306 1077 541 1161 philosophiam
559 1073 743 1161 pertinent,
765 1078 800 1143 id
823 1083 886 1157 est,
911 1076 954 1141 ad
976 1081 1064 1141 recte
1085 1076 1161 1140 bea·

139 1187 232 1264 teque
266 1182 453 1262 vivendum,
490 1180 679 1266 plerumque
719 1182 826 1248 acrius
859 1180 951 1264 quasi
989 1185 1161 1262 pugnatur,

139 1307 234 1368 quem
256 1287 290 1351 in
312 1287 409 1352 rebus
432 1287 598 1368 oratoriis,
628 1307 728 1370 quum
749 1285 941 1370 praesertim
963 1283 1162 1348 diversarum

140 1387 359 1474 philosophiae
380 1389 622 1472 disciplinarum
643 1389 773 1456 decreta
795 1394 982 1455 constarent
997 1394 1162 1471 tamquam

140 1499 228 1560 resta
257 1494 433 1577 quaedam,
466 1515 549 1578 quae
579 1496 663 1560 serio
693 1494 960 1572 defendebantur,
998 1499 1163 1558 oratorum

141 1598 254 1662 minus.
297 1598 408 1681 Neque
429 1620 515 1680 vero,
539 1600 601 1664 etsi
622 1599 666 1665 ad
686 1599 863 1681 perfectum
886 1604 1050 1662 oratorem
1071 1597 1162 1662 insti-

142 1700 295 1766 tuendum
315 1702 349 1766 in
370 1701 510 1768 medium
531 1702 655 1786 profert
676 1724 735 1767 sua
756 1703 893 1785 quisque
915 1701 1068 1781 Crassus,
1099 1703 1162 1765 An·

142 1805 266 1884 tonius,
290 1804 365 1886 alii,
388 1805 508 1871 idcirco
530 1827 642 1872 eorum
664 1806 704 1870 de
727 1805 843 1870 summi
864 1807 1003 1871 oratoris
1025 1804 1163 1886 imagine

142 1909 320 1974 sententiae
341 1909 427 1974 inter
449 1929 484 1976 se
505 1909 601 1994 plane
625 1909 839 1974 consentiunt.
890 1909 991 1974 Immo
1018 1909 1052 1972 in
1083 1908 1162 1990 ipsis

143 2013 273 2078 summis
295 2013 392 2079 rebus
414 2033 435 2078 a
458 2033 494 2078 ee
515 2013 698 2096 discrepant
721 2033 834 2095 saepe,
862 2017 900 2078 ut
921 2012 1005 2078 alter
1026 2011 1164 2078 alterum

143 2123 199 2182 aut
218 2115 362 2199 longiore
385 2117 532 2182 oratione
553 2116 700 2184 resedere
720 2121 854 2182 conetur
867 2116 940 2202 ¹⁸¹),
963 2122 1021 2183 aut
1034 2116 1163 2182 brevius

143 2218 243 2284 abeo
265 2220 435 2288 dissentiat
448 2219 518 2305 ¹⁸²).
564 2220 672 2299 Quid?
702 2221 789 2305 quod
809 2219 871 2285 hoc
899 2241 1000 2303 genus
1022 2220 1164 2303 dialogo·

143 2343 212 2388 rum
234 2323 329 2388 alteri
350 2325 438 2391 velut
457 2323 666 2390 Aristotelioo
689 2325 809 2408 opponi
830 2345 851 2390 a
869 2323 1022 2389 Cicerone
1044 2329 1163 2404 censet,

143 2428 330 2510 quasivero
353 2428 458 2494 minus
487 2428 563 2495 libri
597 2427 638 2492 de
661 2427 798 2494 Oratore
819 2427 1006 2492 Aristoteho
1035 2447 1165 2492 morea

144 2531 295 2598 Cicerone
316 2534 428 2617 scripti
456 2534 531 2600 sint.
584 2533 698 2616 Vides,
729 2553 828 2618 quam
854 2532 980 2598 lubrica
1010 2539 1043 2598 et
1071 2552 1164 2615 prae·

143 2657 215 2721 ceps
236 2635 331 2702 Bakii
353 2638 438 2704 ratio
461 2637 514 2704 sit.

203 2739 299 2806 Haud
322 2741 518 2808 commodius
547 2741 616 2824 agit
643 2739 683 2805 de
711 2737 815 2804 altero
841 2737 932 2816 loco,
966 2736 1023 2820 qui
1052 2741 1103 2801 est
1130 2737 1164 2802 in

142 2843 285 2928 Epistola
316 2845 359 2910 ad
388 2843 560 2911 Lentulum
574 2844 642 2930 185).
693 2843 777 2908 Nam
805 2841 853 2908 ibi
878 2862 1036 2906 summum
1061 2842 1165 2906 virum

144 2947 420 3032 Wyttenbachium
441 2948 585 3016 refutare
614 2968 733 3014 conans
760 2948 829 3031 ipse
858 2946 1052 3030 ancipitibus
1082 2946 1164 3010 diffi-

143 3053 315 3120 cultatibus
337 3052 530 3137 implicatur.
575 3051 663 3117 Dicit
684 3052 769 3116 enim
783 3049 952 3131 διαλογικὰ
969 3049 1163 3118 Aristotelis.

144 3175 274 3238 quorum
289 3157 475 3224 Ammonius
498 3157 692 3222 mentionem
707 3155 794 3235 facit,
818 3150 1084 3236 adzonpooor'norg
1103 3153 1124 3217 i.
1135 3174 1161 3216 e.

143 3271 399 3342 συνταγμαπκοϊς
420 3261 555 3346 opponi,
589 3281 693 3345 neque
721 3258 779 3324 illa
806 3256 991 3324 definitione
1020 3256 1082 3321 hoc
1110 3277 1163 3320 ex·

143 3362 241 3446 cludi,
272 3371 310 3429 ut
331 3365 499 3448 scriptoris
521 3365 623 3448 ipsius
643 3365 678 3430 in
699 3362 827 3446 dialogo
851 3383 923 3428 cum
952 3362 1024 3428 ahie
1053 3367 1164 3445 partes

143 3468 221 3550 sint,
262 3469 297 3534 id
332 3475 397 3534 cst:
442 3468 651 3534 Aristotelem
688 3467 787 3532 ctiam
824 3467 981 3552 ejusmodi
1020 3464 1165 3548 dialogos

143 3575 327 3656 confecisse,
361 3574 397 3640 in
424 3572 541 3658 quibus
568 3573 639 3656 ipse
661 3576 772 3656 partes
795 3570 946 3654 colloquii
976 3571 1163 3654 susciperet.

142 3677 184 3742 ht
211 3679 283 3762 quis
317 3698 382 3744 non
411 3677 499 3744 videt
531 3675 615 3742 hanc
649 3674 869 3740 definitionem
898 3674 949 3740 vel
977 3675 1163 3740 divisionem

143 3779 233 3864 plane
253 3781 376 3846 nullam
397 3803 483 3864 esse,
513 3803 612 3866 quum
635 3778 804 3860 διαλογικά
828 3778 1090 3866 αἰωπροσιόποις
1118 3782 1163 3842 ita

144 3891 358 3970 opponantur,
388 3887 481 3953 utin
503 3883 769 3968 αὐτοπροσαίποις
789 3905 830 3948 ex
851 3904 911 3950 sua
932 3883 1002 3966 ipse
1024 3903 1163 3965 persona

173 4039 347 4048 ——-———--

215 4109 279 4178 ist)
304 4111 341 4162 oe
361 4111 433 4164 ora.
452 4113 474 4172 r,
499 4129 519 4164 a
543 4111 578 4164 os
600 4127 653 4178 qq.
831 4107 896 4176 rsa)
915 4106 977 4158 ruo.
998 4107 1042 4163 ru.
1068 4107 1098 4166 5,
1124 4106 1163 4158 rc.

150 4197 212 4268 rsa)
230 4203 271 4252 ro
290 4201 362 4252 ros.
382 4201 404 4262 ι,
423 4201 454 4262 e,
475 4203 517 4254 aa

942 4302 960 4358 o
