2966 5072
839 519 878 580 36

350 681 531 760 contineat,
566 686 600 747 et
621 679 724 748 attera
746 685 965 768 contineatur,
998 691 1036 751 ut
1064 685 1168 750 minus
1198 689 1325 767 tempus
1356 701 1377 747 a

351 790 488 873 majore,
524 786 610 870 quod
632 808 707 854 rere
730 810 815 857 nunc
835 811 901 856 non
924 791 982 872 sit,
1012 795 1109 856 antea
1138 794 1246 854 autem
1267 787 1376 866 fuerit,

351 912 481 957 necesse
503 893 546 956 sit
566 891 715 957 interisse
745 893 933 980 aliqnando,
969 895 1172 960 etiamnunc
1194 892 1380 976 praesentia

353 995 448 1062 simul
469 1016 577 1060 secum
598 1014 663 1062 non
684 997 794 1064 futura
816 1020 887 1066 esse
907 1020 1037 1065 neeesse
1055 1019 1134 1079 esse,
1159 998 1215 1063 sed
1229 997 1380 1063 interisse

353 1120 480 1183 semper
502 1099 589 1184 quod
610 1102 700 1183 prius
721 1102 829 1168 fuerit.
874 1103 917 1169 At
938 1104 972 1169 in
995 1107 1095 1169 semet
1116 1103 1198 1186 ipso,
1223 1106 1259 1166 ut
1281 1101 1380 1165 inter·

352 1207 444 1287 ierit,
471 1205 542 1272 fieri
563 1227 627 1272 non
649 1226 761 1289 posse,
785 1207 861 1289 quia
883 1212 952 1271 tum
973 1205 1144 1290 tuerit⁷³),
1176 1205 1211 1270 in
1232 1204 1296 1270 alio
1327 1223 1382 1268 au·

354 1317 420 1376 tem
442 1331 539 1392 nunc,
572 1315 610 1376 ut
640 1310 801 1376 interierit
834 1311 920 1394 quod
947 1311 1037 1395 prius
1059 1309 1158 1375 fuerit
1186 1331 1287 1389 nunc,
1317 1327 1383 1374 non

356 1416 426 1481 fieri
443 1435 551 1499 posse.
597 1413 725 1480 Scilicet
747 1420 892 1480 sumatur
913 1414 983 1480 fieri
1001 1436 1065 1480 non
1086 1433 1191 1497 posse,
1214 1418 1251 1478 ut
1269 1411 1382 1478 cohae-

357 1526 450 1585 reant
471 1521 558 1585 inter
579 1540 614 1586 se
636 1540 762 1604 queque
783 1526 928 1603 tempore
957 1520 1140 1603 praesentia
1168 1518 1262 1584 sicuti
1283 1537 1383 1603 punc·

358 1631 428 1690 tum
449 1630 586 1708 punet03
610 1625 638 1690 si
658 1624 759 1707 igitur
780 1624 820 1688 in*
837 1644 884 1706 eo,
900 1619 994 1707 ¹quod
1014 1623 1112 1689 fuerit
1136 1623 1295 1706 deinceps
1316 1641 1383 1685 non

301 1783 306 1790 .
358 1728 531 1810 interierit,
554 1725 666 1796 sedin
689 1727 769 1810 alio,
801 1728 835 1793 in
864 1728 977 1793 mediis
1009 1748 1111 1808 nune,
1146 1746 1228 1810 quae
1260 1723 1387 1790 infinita

361 1835 441 1915 sint,
470 1832 673 1915 simulasse,
700 1831 735 1897 id
756 1831 843 1916 quod
864 1831 934 1898 fieri
956 1853 1021 1897 non
1050 1831 1164 1914 possit.
1219 1819 1286 1894 Nec
1311 1848 1387 1894 vero

360 1939 431 2004 fieri
453 1943 571 2022 potest,
594 1938 708 2023 inquit,
731 1943 768 2002 ut
792 1958 919 2020 semper
939 1936 1025 2002 idem
1045 1939 1245 2019 permaneat,
1267 1932 1387 1999 nullius

261 2082 264 2088 ·
363 2043 446 2108 enim
468 2043 516 2107 rei
538 2042 686 2107 dividuae
707 2041 901 2107 terminatae
929 2063 1010 2107 unus
1042 2047 1092 2107 est
1123 2040 1295 2119 terminus,
1330 2057 1390 2104 nec

364 2147 392 2212 si
423 2144 465 2212 ad
490 2167 588 2210 unum
620 2151 669 2210 est
703 2146 869 2225 continua,
899 2165 958 2210 nec
980 2145 1008 2210 si
1030 2145 1072 2211 ad
1093 2144 1202 2228 plura3
1234 2163 1390 2226 praesens

363 2255 472 2315 autem
502 2248 552 2314 vel
580 2269 664 2315 nune
693 2254 742 2313 est
774 2248 930 2314 terminus
954 2254 986 2314 et
1008 2254 1135 2333 tempus
1168 2247 1243 2312 licet
1265 2265 1390 2311 sumere

365 2353 581 2418 terminatum.
625 2351 798 2417 Praeterea
821 2353 847 2417 si
871 2353 965 2418 simul
987 2374 1057 2418 esse
1075 2359 1221 2434 tempore
1236 2354 1269 2415 et
1287 2369 1392 2433 neque

365 2458 453 2540 prius
478 2476 580 2538 neque
602 2457 764 2539 posterius
787 2477 857 2522 esse
873 2457 952 2522 nihil
967 2458 1055 2525 aliud
1067 2463 1128 2538 est,¹
1150 2455 1212 2520 nisi
1229 2455 1263 2520 in
1278 2454 1391 2520 eodem

367 2581 437 2626 esse
459 2566 493 2625 et
514 2559 548 2624 in
569 2561 734 2644 praesenti
754 2582 838 2626 nune
861 2582 948 2643 esse,
973 2569 1059 2629 certe
1082 2562 1110 2628 si
1131 2581 1187 2641 ea,
1211 2581 1293 2645 quae
1317 2565 1392 2626 sunt

366 2666 477 2748 priore
498 2671 530 2729 et
552 2685 635 2749 quae
664 2666 860 2750 posteriora,
877 2671 881 2678 '
897 2673 1004 2734 essent
1032 2669 1066 2732 in
1097 2665 1158 2731 hoe
1187 2686 1271 2731 nunc
1300 2685 1393 2749 prae·

367 2769 464 2849 senti,
488 2769 585 2834 etiam
607 2789 655 2849 ea,
679 2789 762 2853 quae
784 2774 860 2834 ante
881 2771 991 2836 decem
1012 2771 1113 2836 millia
1131 2791 1287 2836 annorum
1307 2769 1395 2834 tacta

370 2877 459 2953 sunt,
488 2872 582 2938 simul
604 2879 711 2940 essent
733 2894 805 2938 eum
826 2874 876 2956 iis,
900 2896 982 2960 quae
1006 2880 1081 2940 sunt
1102 2874 1189 2940 facta
1209 2872 1314 2953 hodie,
1337 2893 1396 2939 nec

368 2983 452 3042 esset
476 2977 649 3062 quidquam
672 2977 766 3061 prius
786 2983 844 3044 aut
865 2981 1026 3063 posterius
1049 2979 1138 3046 aliud
1161 2978 1234 3044 alio.

456 3080 527 3148 Tali
549 3080 645 3148 modo
668 3081 707 3146 de
729 3082 780 3163 iis,
803 3103 887 3166 quae
909 3084 1036 3168 inipso
1059 3089 1206 3165 tempore
1228 3087 1313 3163 sunt,
1336 3103 1395 3166 per

369 3183 554 3268 ἐξωτερικόν
575 3183 672 3265 λόγον
703 3185 888 3270 disputarit.
939 3187 1003 3252 Per
1034 3185 1170 3252 eundem
1203 3185 1334 3252 disserit
1365 3187 1399 3252 in

372 3287 535 3372 iiquuae
555 3287 576 3352 l.
600 3309 627 3352 c.
650 3295 838 3372 sequuntur,
862 3290 939 3375 quid
961 3290 1004 3355 sit
1025 3294 1153 3373 tempus
1176 3297 1209 3356 et
1231 3313 1314 3376 quae
1330 3295 1399 3377 ejus

373 3396 508 3472 natura3
531 3413 614 3476 quae
636 3414 735 3477 quum
756 3393 904 3478 longiore
926 3395 1007 3474 sint,
1030 3411 1128 3476 quam
1153 3401 1191 3462 ut
1211 3393 1274 3461 huc
1296 3402 1399 3462 trans

374 3494 471 3563 scribi
493 3496 633 3580 possint,
654 3496 741 3581 apud
763 3496 869 3582 ipsum
890 3496 984 3562 velim
1005 3497 1125 3564 videas.

413 3661 460 3742 78)
480 3677 531 3726 Nun
549 3677 653 3727 sensisse
666 3677 757 3728 videtur
767 3679 912 3741 Aristoteles,
931 3695 956 3728 se
975 3679 1074 3745 quodam
1086 3677 1158 3730 modo
1175 3677 1325 3742 repugnantis
1342 3678 1403 3728 inter

376 3779 402 3814 se
420 3765 521 3815 locutum
540 3781 600 3816 esse.
638 3767 695 3818 Nam
715 3769 735 3817 si
753 3785 815 3818 nnnc
832 3769 867 3818 vel
886 3783 998 3832 praesens
1012 3777 1154 3819 momentum
1172 3767 1266 3818 omnino
1285 3767 1346 3818 nulla
1364 3775 1402 3818 est

376 3856 487 3918 temporis
505 3871 572 3920 pars,
598 3871 627 3905 ne
645 3856 739 3906 interire
757 3857 850 3921 quidem
868 3866 945 3922 petest
963 3874 1007 3926 nec
1025 3873 1127 3909 manere.
1146 3839 1202 3915 'Qui
1221 3856 1290 3916 enim,
1309 3843 1401 3919 quaesi-

377 3943 452 4003 veris,
477 3943 572 3994 interire
590 3952 667 4008 potest
685 3945 798 4010 iduued
823 3947 916 3997 omnine
940 3963 970 3998 ne
990 3955 1026 3997 sat
1049 3945 1164 4014 quidem?
1193 3934 1219 3998 Si
1243 3955 1404 4000 autumantes

377 4038 437 4093 erat,
456 4032 573 4096 quianon
592 4027 709 4098 particeps
725 4042 775 4084 eru
793 4035 876 4084 nullius
895 4037 1014 4100 temporis,
1035 4039 1079 4088 etsi
1098 4040 1132 4089 vel
1151 4038 1284 4097 minimum,
1313 4037 1404 4102 aliquod

381 4128 457 4170 tamen
478 4122 587 4185 temporis
605 4124 704 4185 spatium
726 4123 747 4172 ei
767 4121 911 4174 tribuendum
931 4141 983 4174 esse
1003 4127 1098 4178 videtur.
1136 4126 1182 4176 Sed
1203 4126 1260 4176 haec
1279 4125 1404 4178 dubitando

380 4211 487 4276 persequi
505 4212 619 4264 nolumus.
1382 4211 1387 4222 “
