2934 5076
610 463 650 526 91

128 629 265 696 omnibns
286 627 383 694 rebus
412 632 450 692 ut
476 629 510 692 in
536 634 707 714 utramque
735 628 863 712 partem
890 629 1004 692 emate
1034 619 1141 716 dicere

127 739 250 816 possent
270 738 304 798 et
325 732 468 817 copiose,
492 731 668 818 discipulos
690 731 870 798 exercuisse
892 726 1097 810 dicitur²⁰⁵).

185 835 269 904 Haec
290 837 325 904 in
339 842 515 920 utramque
538 842 665 921 partem
687 835 864 918 disputatio
886 839 923 898 ut
945 830 1087 897 exerceri
1108 833 1142 894 et

126 939 165 1004 ad
195 941 404 1026 quodcunque
433 945 658 1024 argumentum
688 938 739 1005 vel
764 935 966 1022 probandum
994 933 1044 1000 rel
1072 955 1141 998 mu·

126 1044 267 1110 niendum
287 1044 338 1111 rel
360 1043 620 1110 labefactandum
648 1049 682 1110 et
710 1041 919 1110 refellendum
948 1047 985 1106 nt
1016 1059 1140 1104 accom-

126 1147 241 1214 modari
271 1154 383 1233 posset
410 1149 538 1214 ratione
567 1153 600 1235 et
632 1153 721 1230 arte,
760 1145 945 1212 Aristotelis
974 1143 1140 1228 diligentia

125 1231 263 1320 ellectum
286 1259 350 1334 est,
381 1253 637 1338 quamprimum
663 1273 735 1318 eam
757 1251 958 1336 disciplinam
987 1250 1030 1316 ad
1058 1249 1140 1315 antis

124 1354 252 1424 formam
264 1356 428 1441 quandam
446 1357 658 1424 serationem
677 1361 992 1423 revocasseconstat.
1036 1355 1141 1434 Quam

124 1461 273 1528 mdonmn
296 1461 424 1546 qualem
445 1459 557 1527 (licero
580 1460 751 1544 cogitando
773 1460 835 1528 sibi
856 1460 1010 1540 finxerat,
1040 1457 1142 1524 talem

28 1597 29 1602 ι
125 1584 189 1630 eam
218 1567 252 1630 in
279 1565 417 1649 dialogis
447 1566 513 1630 suis
547 1564 697 1648 effingere
726 1564 864 1631 voluisse
895 1563 1059 1647 putandus
1081 1567 1140 1628 est

123 1665 163 1732 Et
182 1669 286 1754 colligi
305 1669 341 1736 id
369 1669 488 1736 debere
516 1669 643 1736 videtur
670 1690 711 1736 ex
745 1669 878 1750 verbis,
905 1687 989 1752 quae
1015 1666 1141 1734 addidit

126 1772 405 1856 »quemadmodum
438 1773 567 1858 quidem
595 1773 786 1859 volui²⁰⁶)«.
846 1773 929 1840 Nam
959 1773 988 1839 si
1015 1777 1140 1838 certum

124 1875 279 1959 quoddam
299 1877 485 1943 Aristotelis
504 1877 700 1961 scriptorum
718 1897 818 1961 genus
847 1883 1014 1959 tamquam
1035 1895 1140 1942 exem-

124 1980 190 2064 plar
209 1982 251 2048 ad
270 1981 463 2048 imitandum
483 1983 685 2066 propositum
707 1987 783 2048 ante
805 1981 915 2048 oculos
928 1980 1081 2062 habebat,
1103 1980 1139 2046 in

123 2105 181 2168 quo
202 2085 382 2154 Aristotelii
403 2087 502 2152 moris
525 2085 661 2170 effigiem
684 2085 832 2152 omnibus
844 2086 993 2170 partibus
1009 2105 1139 2168 expres·

124 2208 186 2254 sam
206 2195 363 2272 cerneret,
394 2189 473 2273 quid
494 2190 627 2256 tandem
654 2210 771 2256 causae
796 2190 873 2274 ituit,
906 2210 1006 2278 quare
1034 2190 1073 2255 de
1100 2209 1138 2256 eo

123 2314 205 2360 more
245 2295 352 2362 necao
389 2295 549 2379 quomodo
578 2316 637 2379 per
669 2299 886 2381 conjecturam
925 2294 1137 2380 pronuntiet?

124 2395 229 2482 Neque
258 2400 344 2464 enim
373 2399 480 2478 video,
514 2401 674 2483 quomodo
704 2421 769 2470 non
799 2401 902 2484 possit
929 2400 1049 2474 inesse¹
1065 2397 1138 2464 istis

123 2501 219 2568 verbis
250 2502 434 2568 intellectus
464 2503 529 2568 hic:
565 2502 753 2570 Ciceronem
784 2503 976 2585 credidisse,
1010 2502 1138 2586 qualem

123 2605 337 2672 Aristoteliam
368 2627 489 2672 morem
521 2608 555 2672 in
593 2608 686 2674 libris
720 2608 760 2674 de
789 2608 929 2674 Oratore
968 2608 1137 2686 effinxerit,

122 2708 212 2776 talem
232 2711 371 2778 fortasse
392 2715 460 2796 ejus
483 2712 642 2776 rationem
663 2718 696 2778 et
717 2718 869 2778 naturam
891 2733 931 2778 ex
953 2712 1137 2778 Aristotelis

126 2811 305 2899 disputandi
326 2815 506 2898 praeceptis
528 2815 636 2880 animo
659 2817 863 2900 cogitandam
891 2837 972 2882 esse.
1030 2815 1137 2894 Quare

125 2939 155 2986 oe
184 2939 317 3008 operam
346 2921 474 2987 dedisse
508 2920 686 3005 significare
718 2923 860 3002 videtur,
893 2933 931 2989 ut
962 2924 1019 2988 isti
1050 2923 1135 3003 libri,

123 3042 213 3106 quam
233 3025 372 3090 maxime
392 3023 464 3092 fieri
477 3026 591 3109 possit,
615 3023 758 3092 adillius
773 3027 872 3092 moris
884 3026 1135 3107 similitudinem,

123 3145 210 3210 qnam
225 3128 333 3196 animo
350 3133 537 3212 conceptam
552 3126 711 3210 habuerit,
735 3130 880 3213 expressi
897 3131 971 3196 sint
1017 3130 1137 3209 Quam-

124 3249 212 3314 quam
232 3231 346 3317 negari
368 3253 432 3298 non
463 3237 588 3316 potest,
621 3232 686 3300 ista
715 3233 814 3300 rerba
844 3235 943 3300 etiam
973 3235 1007 3300 in
1037 3235 1135 3300 aliam

123 3338 308 3404 seutentiam
336 3336 438 3420 accipi
464 3357 575 3419 posse,
609 3357 675 3420 qua
702 3337 891 3421 disputandi
917 3345 989 3404 ante
1010 3339 1136 3404 Aristo·

121 3438 187 3508 telis
208 3439 424 3508 subtilitatem
446 3446 479 3505 et
501 3439 711 3522 elegantiam,
743 3459 840 3525 quam
866 3461 945 3526 prae
971 3442 1135 3508 scierant

122 3545 181 3626 cjns
202 3544 415 3628 exemplaria,
445 3542 602 3609 imitando
637 3565 671 3610 se
700 3547 829 3629 assequi
859 3547 1031 3614 studuerit.
1086 3545 1135 3611 De

120 3649 229 3729 quibus
260 3646 359 3715 rebus
396 3650 580 3732 conjectura
615 3653 742 3716 tantum
775 3650 838 3716 dici
867 3672 963 3736 posse
997 3651 1133 3732 videtur,

120 3770 224 3835 quum,
262 3769 347 3837 quae
379 3751 423 3818 sit
449 3751 634 3818 Aristotelis
667 3753 866 3838 dialogorum
899 3755 999 3835 ratio,
1028 3755 1134 3820 minus

120 3859 272 3944 cognitum
293 3855 480 3922 habeamus.
524 3854 644 3922 Verum
666 3865 828 3945 utcunque
849 3859 927 3926 haec
947 3879 1000 3924 res
1022 3879 1056 3924 ee
1078 3857 1134 3922 ha·

128 4017 325 4032 h—-n-——n

183 4097 249 4168 aaa)
269 4099 332 4150 Orat
362 4097 412 4162 14,
437 4101 487 4164 465
512 4101 541 4152 de
559 4101 617 4152 Fin.
637 4101 669 4160 V,
695 4100 726 4161 t,
755 4099 795 4152 ld.
823 4099 927 4152 Aristot
949 4099 1005 4166 Tap.
1025 4097 1048 4156 l,
1072 4096 1097 4148 2.

28 4245 29 4256 2
119 4181 225 4256 loono
243 4188 316 4242 Fon.
335 4189 388 4238 la
407 4189 481 4251 1‚9‚
499 4189 542 4242 23.
