2966 5072
786 459 828 524 62

221 698 226 704 ,
304 627 447 696 malebat
460 627 535 714 ¹4⁵),
559 626 632 712 quis
653 627 785 694 tandem
806 649 847 694 ex
867 627 940 696 hoc·
946 625 1124 714 judicabit,
1159 644 1231 698 eum
1252 629 1325 696 Ari·

303 733 430 801 stotelis
451 733 508 799 imi
523 737 648 798 atorem
667 731 739 798 fieri
763 730 928 800 voluisse?
971 731 1053 800 Sunt
1082 738 1191 800 autem
1211 753 1327 802 revera

303 837 448 904 Platonis
474 836 577 919 ipsius
604 835 723 920 dialogi
754 840 787 901 et
816 842 950 904 externa
975 837 1132 904 sermonis
1159 837 1265 906 forma
1293 845 1327 906 et

303 943 433 1009 interna
453 961 563 1008 rerum
583 940 779 1006 tractatione
802 946 835 1007 et
856 939 963 1008 indole
992 941 1041 1036 ita
1065 942 1152 1008 iuter
1175 963 1209 1008 se
1232 941 1326 1012 dissi·

303 1045 415 1128 miles,
448 1050 486 1112 ut
513 1044 567 1110 vix
594 1044 706 1111 eredas
735 1043 777 1110 ab
801 1066 866 1112 uno
893 1042 1067 1131 eodemque
1093 1046 1249 1130 scriptore
1270 1065 1327 1113 eos

304 1170 374 1217 esse
397 1149 567 1217 confectos.
613 1147 827 1216 Conseruntur
854 1171 884 1218 v.
907 1171 933 1216 c.
963 1152 1050 1218 inter
1076 1171 1111 1218 se
1135 1154 1324 1237 liuttpptro,

305 1257 514 1338 symposium,
538 1256 672 1322 Ptoedc.
713 1252 753 1320 ln
774 1253 877 1339 primo
899 1260 996 1322 tenue
1010 1255 1173 1341 quoddam
1194 1261 1227 1322 et
1244 1255 1327 1322 exile

306 1356 507 1444 colloquendi
529 1381 639 1445 genus,
662 1377 727 1446 quo
748 1361 987 1448 interrogando,
1014 1364 1092 1449 quid
1101 1363 1326 1449 Euthyphroni

306 1469 379 1554 περὶ
405 1463 496 1531 ὁσίου
521 1464 682 1549 videatur,
720 1467 835 1535 elicere
869 1467 1017 1535 Socrates
1050 1467 1159 1536 studet
1193 1468 1255 1550 ita,
1288 1471 1328 1533 ut

305 1576 375 1659 ipse
395 1572 476 1638 nihil
497 1573 578 1639 certi
599 1572 737 1646 affirmet
760 1579 793 1639 et
816 1594 855 1642 ea
868 1580 1006 1656 tantum,
1030 1593 1112 1659 quae
1128 1572 1234 1638 minus
1253 1593 1327 1656 pro-

306 1678 430 1745 babilia
451 1677 493 1744 ab
515 1676 748 1762 Euthyphrone
768 1679 862 1762 quasi
885 1700 925 1744 ex
947 1677 1034 1762 vulgi
1056 1698 1195 1763 persona
1217 1676 1327 1761 dispu-

306 1788 436 1866 tantur,
458 1783 578 1849 refutet
598 1782 745 1866 interque
767 1803 802 1848 se
823 1803 1004 1868 repugnare
1018 1781 1177 1849 ostendat.
1223 1781 1328 1860 Quam

247 1938 249 1950 ,
306 1887 401 1972 longe
423 1886 518 1954 aliter
539 1905 574 1952 se
602 1907 655 1954 res
682 1879 781 1952 habe't
808 1887 843 1952 in
864 1891 1043 1972 Symposio,
1078 1888 1113 1953 in
1142 1907 1205 1972 quc
1235 1904 1328 1971 prae·

306 1992 406 2058 missa
441 1991 627 2057 narratione
657 1990 759 2073 ipsius
795 1989 949 2074 colloquii
981 1991 1113 2076 originis
1150 1997 1183 2057 et
1212 2011 1329 2057 musae

307 2100 484 2180 perpetuae
505 2095 591 2160 inter
612 2092 830 2177 colloquentes
848 2095 1010 2162 orationes
1024 2095 1195 2179 habentur,
1218 2096 1330 2162 ordine

308 2199 448 2284 quodam
470 2196 595 2263 dicendi
616 2197 701 2262 inter
719 2197 869 2280 colloquii
882 2199 1056 2283 participes
1068 2206 1205 2283 servato,
1228 2200 1331 2266 donec

307 2309 471 2388 postremo
499 2306 575 2386 post
603 2301 778 2383 Alcibiadis
807 2303 1002 2386 oraticnem,
1036 2325 1120 2388 quae
1148 2305 1183 2370 in
1208 2303 1331 2370 'cohau-

309 2406 416 2474 dando
438 2405 570 2472 Socrate
592 2406 722 2489 copiosa
744 2411 808 2487 est,
839 2412 945 2474 totum
966 2407 1160 2493 colloquium
1181 2408 1331 2476 comissa

308 2511 435 2577 toribus
457 2509 709 2593 irrumpentibus
730 2509 867 2576 tollitur.
910 2511 948 2578 In
962 2513 1126 2580 Phaedone
1142 2512 1239 2578 aliam
1260 2533 1332 2576 rur·

309 2637 365 2682 sus
385 2615 545 2681 rationem
565 2615 720 2680 sermonis
737 2623 929 2700 cognoscere
950 2615 1036 2698 lieet,
1059 2617 1093 2682 in
1106 2637 1169 2701 quo
1184 2613 1333 2682 audimus

310 2719 477 2786 Socratem
499 2719 709 2786 disserentem
731 2719 772 2787 de
794 2721 973 2788 animorum
994 2720 1253 2801 immortalitate,
1284 2720 1334 2786 ita

309 2830 436 2906 tomen,
459 2829 496 2890 ut
517 2843 583 2892 non
604 2845 679 2890 raro
701 2825 941 2910 interpellatum
962 2845 1035 2890 eum
1057 2823 1221 2891 videamus
1240 2821 1333 2888 dubi·

309 2929 488 2997 tationibus
511 2934 545 2994 et
565 2928 873 3022 interrogatiqnibus
895 2928 1172 3014 Pythagoreorum
1194 2945 1334 3010 quorun·

311 3035 400 3116 dam,
442 3031 560 3120 quibus
597 3031 756 3100 solvendis
794 3032 1009 3116 tollendisque
1041 3029 1190 3097 Socrates
1223 3050 1335 3098 omnes

312 3139 411 3207 animi
432 3137 517 3204 vires
540 3135 733 3204 contendere
755 3137 1005 3222 gravissimaque
1035 3135 1084 3200 rei
1115 3135 1217 3217 ipsius
1239 3155 1335 3218 argu-

311 3248 420 3312 menta
450 3239 604 3308 adhibere
637 3246 671 3306 et
703 3261 888 3325 expromere
920 3239 1055 3323 cogitur.
1106 3237 1144 3302 ln
1166 3240 1335 3306 Menoeceo

311 3354 388 3434 post
408 3346 506 3430 breve
527 3345 655 3410 initium
679 3344 827 3411 Socrates
854 3345 1023 3411 funebrem
1052 3340 1194 3423 aliquam
1216 3341 1335 3408 oratio-

312 3471 386 3518 nem
407 3450 520 3532 habet,
550 3469 647 3533 quam
669 3449 750 3514 dixit
778 3469 813 3514 se
842 3469 882 3512 ex
908 3467 963 3512 ore
985 3444 1140 3528 Aspasiae
1164 3443 1335 3528 audivisse,

313 3575 378 3640 qua
390 3553 634 3620 Atheniensium
648 3551 790 3616 illustria
808 3551 894 3615 facta
905 3548 1117 3632 persequitur.
1156 3547 1194 3613 In
1211 3552 1336 3616 limoso

313 3657 394 3725 nihil
414 3659 482 3724 fere
504 3655 640 3742 dialogi,
664 3655 720 3720 sed
742 3657 899 3738 perpetua
921 3651 1035 3718 oratio.
1079 3651 1117 3717 Iu
1140 3655 1275 3738 Legibus
1296 3677 1337 3722 ne

219 3808 224 3821 ι
314 3762 464 3830 Socrates
494 3760 623 3846 quidem
655 3763 766 3843 partes
799 3756 916 3840 dialogi
948 3755 1062 3840 habet,
1096 3755 1197 3825 nihilo
1228 3765 1339 3826 tamen

314 3868 438 3947 minus,
465 3863 592 3948 opinor,
627 3869 660 3929 et
679 3861 890 3928 Menexenum
920 3866 953 3927 et
975 3860 1140 3930 Timaeum
1175 3871 1210 3932 et
1236 3865 1338 3949 Leges

314 3973 349 4036 in
369 3990 503 4038 numero
524 3969 725 4054 dialogorum
744 3967 889 4035 Platonis
910 3969 1031 4036 referre
1054 3969 1217 4038 debemus.

390 4161 758 4231 Quanam
869 4241 872 4249 Ι
