2870 5076
699 421 909 490 ‚82-

225 603 392 675 naturam,
415 616 475 682 por
498 616 534 659 se
555 601 631 661 sunt
651 593 750 678 bonu,
774 618 847 663 curn
870 619 890 660 a
912 595 972 664 deo
1000 597 1134 684 profecti
1163 595 1226 662 sint
1248 595 1364 684 optimo.

115 743 120 750 -
225 705 377 793 Denique
399 703 519 772 bonurn
543 727 712 783 summum,
744 703 830 791 qnod
852 705 907 786 ita,
931 716 966 772 ut
988 708 1200 795 personuisit,
1223 707 1365 785 deusest,

225 819 257 882 in
279 817 341 880 hoc
362 815 484 881 mundo
505 814 588 880 inest
610 814 664 894 its,
688 824 724 880 ut
745 817 786 878 sit
808 812 886 880 ordo
898 816 932 901 ¹).
962 816 1035 895 Quo
1051 817 1115 884 iarn
1131 818 1210 884 setis
1226 839 1365 905 apparere

224 935 384 1012 putemus,
408 946 491 1011 quae
506 930 554 1006 Λ,
573 923 620 988 10.
642 924 722 989 1075
738 947 757 988 a
771 925 814 988 24
836 924 1057 1009 significentur
1071 928 1194 1000 vorbis:
1218 926 1273 1000 καὶ
1291 919 1365 998 tlte

225 1030 440 1114 structoris
462 1021 507 1098 ὦν
528 1037 680 1100 κοινωνεῖ
701 1030 835 1102 ἅπαντα
858 1029 907 1114 εἰς
926 1034 965 1102 τὸ
989 1033 1080 1104 ὅλον.

311 1143 378 1210 Sed
401 1144 530 1210 obicere
557 1145 628 1232 quis
655 1145 746 1210 nobis
776 1146 892 1232 possit:
925 1146 1012 1212 Num
1040 1149 1095 1220 illo
1117 1150 1288 1216 formarum
1310 1145 1366 1212 uni·

225 1255 361 1320 versitas
390 1254 590 1322 individuum
621 1254 698 1342 quid
728 1255 800 1320 est‘?
844 1254 961 1322 Nonne
988 1258 1111 1326 formae
1143 1268 1218 1325 sunt
1239 1254 1366 1324 multuo?

227 1366 255 1430 A
280 1387 344 1451 que
365 1374 457 1451 parte
479 1389 519 1429 ne
541 1365 689 1431 laborare
711 1363 857 1431 videatur
885 1367 1043 1440 sententia
1065 1379 1192 1449 nostru,
1222 1366 1365 1454 inquiren·

227 1475 301 1551 dum
325 1485 388 1556 est,
413 1473 489 1562 quid
506 1475 547 1539 sit
562 1472 726 1540 Aristoteli
741 1473 956 1558 individuum,
981 1487 1068 1542 certe
1091 1476 1133 1542 ad
1156 1477 1366 1565 cogitationen

226 1586 312 1675 quod
335 1585 457 1652 attinet.
497 1585 676 1670 Distinguit
699 1593 805 1655 autem
829 1585 1039 1673 philosophus
1061 1587 1122 1654 tria
1137 1586 1365 1665 individuorum

225 1695 388 1786 genern').
427 1697 477 1770 Ao
500 1694 639 1782 primum
664 1693 793 1781 quidem
817 1695 940 1783 profert
962 1695 1162 1763 individuum
1185 1697 1217 1762 id
1239 1693 1365 1784 quodie

226 1806 448 1893 magnitudine
472 1805 611 1894 positum
635 1813 697 1885 est,
721 1803 821 1871 veluti
842 1804 930 1870 lines
953 1816 984 1870 et
1007 1816 1143 1893 tempus.
1189 1807 1280 1876 Haeo
1299 1801 1365 1875 nihil

226 1915 374 2004 impedit,
404 1915 573 2006 quominus
602 1937 666 1982 una
687 1913 862 2001 eademque
891 1915 1005 1982 mentis
1029 1917 1154 1982 notione
1177 1915 1366 2004 comprehen-

227 2027 349 2094 damus.
394 2025 544 2092 Alterum
575 2049 679 2112 genus
709 2034 758 2090 est
789 2047 899 2093 eorum
927 2047 1010 2111 quae
1038 2024 1205 2092 individuo.
1234 2011 1304 2095 sunt
1322 2045 1366 2088 no·

226 2138 323 2204 tione.
367 2135 467 2202 Notio
496 2136 580 2202 enim
607 2147 717 2223 partos
745 2135 869 2221 colligit
897 2145 929 2199 et
956 2135 1188 2222 complectitur,
1219 2145 1254 2202 ut
1281 2155 1365 2200 unum

227 2250 318 2336 quasi
346 2270 462 2335 corpus
490 2246 640 2312 efficiant.
686 2245 795 2312 Veluti
826 2244 963 2310 hominis
985 2244 1037 2310 vel
1059 2245 1198 2310 aedificii
1220 2245 1365 2312 notionem

227 2359 406 2445 cogitamus
429 2359 491 2436 ite,
514 2366 550 2422 ut
573 2355 771 2422 individuum
795 2354 872 2443 quid
895 2355 951 2438 sit,
976 2358 1123 2442 quamvis
1146 2356 1289 2444 plurimis
1307 2376 1367 2442 par·
1423 2387 1424 2480 p

227 2470 313 2536 tibus
337 2476 470 2534 constet
516 2465 626 2532 Tertio
650 2464 788 2552 denique
809 2486 929 2552 genere
953 2465 1155 2533 continentur
1171 2490 1210 2534 ea
1225 2489 1304 2555 qnae
1318 2461 1368 2552 pri·
1423 2483 1424 2493 ¹

227 2579 357 2645 vatione
372 2577 537 2644 individua
560 2585 652 2655 sunt‚·
666 2575 768 2640 veluti
788 2585 940 2664 punctum
958 2585 991 2642 et
1004 2576 1159 2664 temporis
1176 2585 1366 2644 momentum.

227 2689 391 2777 Equibus
413 2683 651 2754 individuorum
675 2686 847 2772 generibus
870 2685 933 2750 duo
956 2687 1065 2773 priore
1087 2696 1211 2758 tentum
1229 2687 1260 2754 in
1277 2687 1367 2768 dispu-

227 2801 383 2884 tationem
410 2807 551 2865 nostram
584 2795 698 2860 cadere
732 2807 845 2883 sponte
879 2795 1085 2882 intellegitur.
1141 2797 1210 2862 Iam
1240 2821 1311 2864 num
1337 2794 1368 2858 iis

125 2961 127 2964 -
227 2913 402 2976 formarum
431 2906 621 2972 universitas
655 2905 838 2986 conveniet,
873 2907 1123 2973 examinandum
1153 2917 1212 2972 cst.
1257 2908 1299 2972 Et
1319 2901 1369 2990 pri·

229 3045 317 3087 rnnm
349 3018 479 3107 quidem
511 3039 613 3103 genus
646 3015 672 3078 si
703 3014 852 3102 respicis,
888 3017 1031 3102 profecto
1064 3016 1240 3082 intellectui
1275 3012 1367 3080 divino

227 3129 469 3199 concedendum
494 3137 550 3208 est,
574 3137 610 3191 ut
631 3125 751 3212 pariter
774 3136 871 3213 atque
894 3149 952 3204 pos
974 3125 1092 3194 lineam
1108 3137 1140 3194 et
1156 3125 1284 3214 aliquod
1303 3135 1366 3189 tem·
1422 3181 1423 3188 ,

227 3243 314 3332 poris
338 3240 486 3328 spatium,
508 3237 562 3302 ille
578 3237 755 3305 formarum
771 3235 1012 3303 universitatem
1029 3259 1094 3302 uns
1110 3237 1284 3324 eademque
1299 3230 1370 3318 cogi·
1422 3251 1423 3256 ¹

226 3355 348 3419 tutione
372 3346 634 3438 comprehendet.
670 3345 819 3410 Alterum
843 3356 950 3412 sutem
973 3345 1210 3412 individuorum
1232 3368 1328 3434 genus
1348 3339 1368 3405 si

228 3462 483 3543 consideremus,
512 3456 657 3524 Platonis
688 3478 815 3543 quoque
848 3456 965 3526 animal
998 3479 1095 3522 unum
1125 3466 1174 3522 est
1201 3467 1232 3521 et
1260 3455 1369 3540 reliqua

229 3571 380 3638 animalia
402 3571 508 3636 omnia
530 3568 670 3656 partium
701 3571 802 3633 instar
824 3566 856 3630 in
880 3588 914 3630 se
937 3566 1129 3650 continet⁸)‚
1160 3577 1257 3654 atque
1286 3565 1369 3631 etiem

227 3779 291 3828 πον,
310 3755 383 3813 καὶὸ
399 3757 466 3812 κατὰ
485 3760 583 3812 τοῦτον
600 3761 658 3824 βίας
677 3760 752 3813 θεῖος
771 3752 840 3824 πρὸς
851 3752 900 3808 τὸν
913 3751 1093 3826 ἀνθρώπινον
1105 3759 1174 3824 βίον.
1196 3765 1221 3812 8.
1235 3755 1369 3810 1178ο25τ

227 3855 284 3909 τοῖς
304 3846 429 3921 μὲνγὰρ
454 3851 528 3906 θεοῖς
552 3843 625 3906 ἅπας
642 3841 656 3897 ὁ
675 3848 735 3910 βίος
751 3839 904 3914 μακάριος,
927 3847 983 3901 τοῖς
1001 3841 1027 3896 ‹l'
1049 3842 1222 3915 ἀνθρώποις,
1247 3842 1293 3914 ἐφ’
1313 3837 1370 3894 ὅσον

228 3933 358 4009 ὁμοίωμά
382 3956 407 3988 τι
430 3936 474 4002 τῆς
498 3931 621 3999 τοιαύτης
645 3931 782 4002 ἐνεργείας
806 3926 936 4000 ὑπάρχει·
960 3932 1015 3986 τῶν
1038 3932 1067 3986 δ’
1088 3927 1179 3988 ἄλλων
1204 3928 1278 4001 ζῴων
1300 3925 1371 3982 otto

228 4023 397 4096 εὐδαιμονεῖ,
417 4020 511 4089 ἐπειδὴ
531 4018 641 4093 οὐδαμῇ
660 4023 789 4074 κοινωνεῖ
805 4023 931 4088 θεωρίας.

306 4115 323 4179 ¹)
343 4115 406 4166 Met.
424 4113 462 4174 Λ,
486 4117 515 4163 10
535 4114 571 4163 in.

300 4201 319 4264 ²)
339 4202 380 4251 De
399 4201 477 4252 anim.
499 4201 545 4263 111,
565 4203 589 4251 6.
609 4203 660 4252 430
672 4199 690 4250 b
704 4202 785 4266 6sqq.
822 4199 862 4248 De
881 4213 933 4264 quo
952 4197 1010 4250 looo
1028 4198 1060 4250 of.
1079 4213 1182 4252 excurs.
1199 4198 1231 4248 V.

301 4287 320 4353 ³)
342 4289 406 4342 Plet.
430 4289 498 4338 Tim.
525 4287 598 4340 300:
630 4273 663 4338 οὗ
686 4281 713 4338 ‹l'
740 4284 797 4338 ἔστι
820 4277 905 4336 τᾶλλα
929 4285 982 4346 ζῶα
1005 4281 1073 4337 καθ’
1100 4284 1130 4338 ἓν
1153 4286 1200 4336 καὶ
1226 4280 1292 4336 κατὰ
1315 4279 1369 4350 γένη

225 4371 335 4446 proprus
351 4372 437 4442 τούτῳ
455 4369 567 4427 πάντων
586 4367 751 4444 ὁμοιότατον
769 4367 854 4426 αὐτὸν
873 4369 942 4425 εῖναι
966 4373 1095 4443 τιθῶμεν.
1119 4369 1152 4424 τὰ
1176 4369 1231 4440 γὰρ
1249 4369 1282 4438 δὴ
1298 4361 1369 4431 νοητὰ

228 4463 282 4524 ζῶα
301 4459 391 4516 πάντα
411 4460 499 4514 ἐκεῖνο
518 4459 548 4514 ἒν
567 4457 655 4528 ἑαυτῷ
674 4457 824 4528 περιλαβὸν
843 4458 907 4530 ἔχει.
