2966 5072
665 443 706 506 55

162 615 265 676 nemo
286 631 399 678 eornm
423 629 501 695 pars
522 616 556 677 et
584 611 650 677 alia
678 609 904 677 desiderantur
930 613 964 674 et
991 607 1193 683 interierunt,

162 713 246 798 quod
278 735 346 782 non
375 713 503 782 difficile
533 721 583 782 est
611 715 786 782 intellectu.
838 714 1014 797 Postquam
1044 711 1130 776 enim
1158 709 1192 773 in

161 815 242 886 libro
261 815 296 884 Π
324 841 352 886 c.
379 822 418 885 17
448 821 670 904 supervenit,
702 823 739 887 ut
772 818 990 903 quaerendum
1023 815 1079 895 sit,
1113 833 1192 897 quo-

161 921 253 989 modo
273 921 432 990 utendum
453 923 497 990 sit
517 925 619 990 amico
641 928 675 990 et
696 922 855 1007 quaedam
882 921 917 986 in
938 939 1008 986 eam
1031 917 1192 1002 quaestio·

160 1043 229 1092 nem
250 1026 348 1110 quasi
369 1027 549 1111 praelatus,
579 1026 666 1094 velut
695 1027 735 1094 ds
766 1025 883 1110 quibos
910 1024 1021 1090 amieis
1050 1028 1082 1088 et
1104 1019 1192 1106 quali

159 1129 300 1196 amicitia
319 1133 387 1216 jam
408 1131 629 1214 quaerendum
659 1132 719 1213 sit,
750 1130 827 1197 dum
849 1135 882 1196 et
909 1127 1035 1213 ipsein
1061 1145 1100 1209 eo
1130 1128 1190 1205 est,

160 1237 195 1298 ut
215 1233 374 1314 disserat,
397 1239 431 1300 et
451 1255 511 1302 nos
533 1241 571 1302 ut
591 1235 771 1316 audiamus,
794 1231 902 1300 subito
924 1251 1003 1316 opus
1027 1228 1190 1312 abrumpi·

159 1341 220 1402 tur.
279 1336 419 1421 Reliqua
447 1339 520 1423 quis
548 1344 616 1420 est,
652 1340 709 1422 qui
736 1357 802 1404 non
833 1335 930 1402 modo
959 1355 1025 1401 non
1053 1333 1189 1412 dubitet,

24 1520 31 1529 ¹
159 1441 389 1506 verumetiam
409 1461 475 1508 non
497 1440 607 1510 doleat
627 1441 813 1508 interiisse?
858 1439 947 1519 Quae
969 1439 1121 1524 quoniam
1142 1437 1190 1502 in·

158 1543 332 1628 lenierunt,
365 1543 558 1612 interienmt
577 1563 644 1612 uua
672 1565 744 1612 cum
773 1545 813 1610 iis
842 1544 890 1610 illi
910 1543 974 1628 ipsi
1001 1537 1080 1624 loci,
1108 1561 1190 1626 quos

158 1649 241 1715 velut
263 1649 300 1714 in
320 1649 516 1733 ἐξωτερικοῖς
537 1650 644 1730 λόγοις
665 1649 930 1715 commemoratos
952 1666 1011 1713 nos
1034 1665 1189 1730 quaeren-

158 1757 205 1820 ta
222 1752 348 1818 frustra
365 1755 559 1837 quaerimus.
603 1755 657 1835 At,
680 1753 810 1832 dixeris,
833 1753 889 1837 qui
911 1751 993 1818 scire
1014 1751 1189 1834 potesAri·

158 1857 305 1924 stotelem
328 1857 370 1922 de
390 1859 487 1924 variis
515 1858 642 1943 imperii
670 1856 774 1922 modis
801 1857 837 1921 in
865 1854 990 1940 Magnis
1011 1851 1189 1918 Moralibus

158 1959 365 2044 disputasse?
401 1959 487 2031 Saue
507 1960 654 2046 equidem
685 1959 807 2040 nescio,
837 1979 949 2024 verum
974 1960 1189 2043 conjecturam

158 2064 238 2132 facio
262 2065 305 2130 de
326 2066 408 2132 satis
437 2061 589 2150 gravibus
617 2064 824 2148 argumentis
875 2061 1076 2145 Quamquam
1104 2063 1190 2127 enim

159 2167 198 2236 do
218 2167 366 2236 moribus
387 2186 484 2254 ngare
500 2168 612 2234 statim
630 2167 672 2234 ab
688 2168 782 2234 initio
805 2166 884 2232 dicit
904 2166 968 2233 sibi
988 2168 1188 2251 propositum

159 2291 245 2354 esse,
275 2277 387 2341 tamen
408 2273 534 2358 passim
560 2270 670 2355 prodit
691 2291 756 2337 non
784 2271 893 2338 minus
919 2291 990 2337 esse
1018 2270 1188 2356 achazia,

65 2437 71 2448 .
158 2395 220 2462 quo
243 2397 355 2444 omnes
375 2375 453 2443 illae
481 2376 719 2461 disputationes
750 2375 939 2442 referendae
972 2375 1046 2441 sint.
1100 2375 1188 2454 Quae

157 2501 255 2566 quum
276 2481 324 2547 ita
348 2480 431 2562 sint,
464 2499 530 2547 non
551 2479 710 2565 intelligo,
745 2479 905 2564 quomodo
933 2500 998 2546 non
1024 2479 1095 2546 dico
1124 2501 1188 2547 non
1328 2537 1330 2546 ,

156 2586 312 2670 potuerit,
342 2584 400 2652 sed
421 2603 486 2652 non
507 2583 656 2650 debuerit
675 2585 827 2668 persequi
855 2605 895 2649 ea
916 2603 1060 2668 quoque,
1093 2605 1187 2668 quae,

156 2694 192 2754 nt
211 2689 305 2754 varia
325 2687 508 2754 dominatus
529 2705 664 2772 genera,
686 2688 721 2752 in
743 2686 840 2753 rebus
863 2685 1009 2754 civilibus
1031 2688 1119 2755 haud
1139 2691 1187 2754 in·

156 2791 231 2860 limo
251 2792 323 2860 loco
343 2790 493 2858 habenda
513 2795 600 2858 sunt.
643 2789 803 2857 Videntur
823 2795 932 2857 autem
952 2791 1048 2877 hujus
1068 2798 1188 2858 nacta

156 2901 209 2962 cus
238 2915 323 2981 quae
352 2896 563 2977 interierunt,
598 2893 735 2980 eandem
772 2893 931 2962 rationem
966 2893 1118 2962 habuisse
1144 2898 1187 2962 ad

157 3019 227 3066 sam
249 3005 391 3084 panem,
424 3018 509 3085 quae
539 2997 646 3064 adhuc
677 3001 746 3085 ejus
775 3003 894 3081 exstat,
937 3019 1034 3084 quam
1066 3001 1188 3068 habant

156 3101 293 3170 Politice
312 3103 355 3170 ad
375 3099 496 3168 Ethica
516 3100 748 3185 Nicomachee,
778 3101 896 3186 quibus
925 3102 1096 3190 subjuncta
1117 3125 1188 3170 esso

156 3206 212 3273 ills
229 3209 304 3294 jure
331 3203 511 3273 existimari
539 3210 684 3290 possunt.
736 3203 849 3290 Neque
880 3205 965 3272 enim
996 3213 1104 3274 rectus
1138 3213 1188 3275 est

156 3310 235 3380 ordo
256 3311 303 3392 is,
327 3329 367 3376 ex
388 3329 452 3395 qno
473 3307 509 3374 hi
530 3307 717 3376 Ethicorum
726 3307 919 3395 Magnorum
940 3308 1017 3376 libri
1037 3310 1186 3396 deinceps

156 3420 230 3500 post
259 3411 378 3480 Ethica
405 3411 619 3480 Nicomachea
650 3416 807 3498 tanquam
838 3433 897 3480 suo
926 3412 997 3480 loco
1028 3413 1127 3482 hodie
1153 3416 1188 3482 in

156 3517 352 3586 editionibus
373 3515 525 3584 collocari
545 3514 662 3596 solent,
685 3515 743 3583 ssd
764 3515 976 3584 antecessisse
995 3519 1036 3586 iis
1051 3519 1187 3604 putandi

155 3626 248 3702 snut,
279 3626 313 3688 st
334 3619 422 3706 quod
443 3641 524 3706 opus
545 3619 738 3688 Aristoteles
759 3622 794 3688 in
816 3623 966 3690 extremis
986 3624 1111 3690 Ethiois
1131 3623 1187 3690 Ni·

156 3723 334 3792 comscheis
356 3724 397 3790 do
424 3724 513 3791 omni
539 3724 738 3810 reipublicae
766 3724 871 3791 forma
903 3745 938 3794 se
964 3735 1187 3814 suscepturum

156 3849 225 3894 esse
247 3825 398 3910 affirmat,
419 3825 501 3894 nihil
520 3833 630 3914 potest
651 3847 722 3895 esse
744 3827 843 3912 alind,
865 3829 928 3896 nisi
949 3829 996 3898 illi
1017 3838 1091 3898 octo
1112 3831 1187 3900 libri

157 3929 365 4000 Politicorum
394 3931 500 4000 adhuc
529 3931 735 4017 superstites,
773 3953 920 4018 quaeque
955 3935 1120 4002 alin·cum
1146 3937 1186 4004 iis

158 4033 383 4104 cohaerebant.
427 4035 560 4104 Minime
580 4041 692 4102 autem
712 4034 791 4102 mihi
818 4038 965 4106 convenit
993 4059 1066 4106 cum
1086 4043 1186 4106 Rom-

157 4159 288 4220 mm,
318 4141 387 4208 viro
409 4140 611 4218 doctissimo,
644 4137 700 4224 qui
722 4159 917 4226 quamquam
937 4144 1064 4228 agrame
1084 4165 1187 4230 nuper
