2934 5076
659 367 697 428 17

190 547 287 614 Diese
309 546 498 631 Bedeutung
520 547 576 613 des
595 548 721 614 Wortes
743 549 830 632 giebt
851 547 917 613 ihm
939 549 1026 614 seine
1047 547 1130 612 hohe
1143 544 1250 611 Wich-

109 648 301 836 &21ssstqu
303 649 365 816 1:lie
384 649 589 734 Psychologie
611 651 678 716 und
701 652 746 718 sie
767 650 828 716 soll
850 671 909 716 uns
931 647 1250 778 imlNachfolgenden

190 872 297 936 Zuvor
313 871 395 937 aber
422 871 465 934 ist
490 871 723 952 festznstelleu‚
754 893 819 937 was
840 871 1028 936 Aristoteles
1049 875 1144 934 nnter
1165 889 1250 954 φαν-

109 968 206 1036 τασία
226 969 312 1037 κατὰ
332 968 521 1059 μεταφορὰν
542 972 695 1061 λεγομένη
717 974 908 1040 verstanden
930 972 1022 1038 habe.

12 1127 13 1138 ,
109 1073 150 1138 de
171 1075 307 1140 anima
329 1075 388 1156 111,
412 1080 441 1140 3.
465 1080 528 1140 428
552 1082 608 1139 al
635 1077 733 1142 heisst
748 1097 795 1141 es:
819 1063 910 1161 είδή
934 1073 1022 1140 ἐστιν
1044 1067 1063 1161 ἦ
1087 1067 1253 1160 φαντασία

109 1168 183 1238 καθ’
198 1165 238 1262 ἢν
251 1174 386 1260 λέγομεν
401 1171 577 1263 φάντασμά
594 1201 627 1242 τι
642 1174 720 1265 ἡμῖν
737 1174 979 1264 γίγνεσθαικαὶ
995 1172 1040 1263 μὴ
1063 1168 1097 1240 εἴ
1113 1199 1148 1240 το
1169 1169 1253 1239 κατὰ

109 1273 297 1364 μεταφορὰν
318 1278 461 1364 λέγομεν,
485 1275 546 1361 μία
567 1275 619 1357 τίς
640 1275 711 1344 ἐστι
733 1277 857 1345 τούτων
879 1277 1013 1362 δύναμις
1033 1271 1055 1365 ἢ
1076 1275 1150 1360 ἕξις,
1173 1271 1253 1342 καθ’

110 1370 233 1465 dude)
257 1377 405 1468 κρίνομεν
426 1379 481 1447 καί
504 1376 707 1469 ἀληθεύομεν
727 1373 749 1468 ἢ
769 1365 975 1469 ψεαόόμεὰα.

189 1507 452 1593 Trendelenburg
475 1508 596 1574 erklart
618 1508 703 1572 diese
726 1507 824 1573 Stelle
852 1508 1160 1592 folgendermassen:
1198 1505 1253 1586 „si

109 1610 296 1692 imaginatio
325 1615 388 1692 est,
419 1633 483 1695 qua
509 1611 664 1693 imagines
691 1611 782 1676 nobis
804 1613 962 1691 existunt,
991 1611 1033 1674 ad
1055 1610 1102 1674 rei
1124 1609 1253 1692 quidem

110 1711 276 1778 ueritatem
298 1735 361 1777 non
385 1723 533 1778 exactae:
558 1733 772 1792 marearum,
796 1711 911 1796 quibus
932 1734 983 1776 res
1002 1712 1184 1795 judicamus
1206 1711 1253 1776 fa

110 1813 210 1879 cultas
226 1836 374 1880 essenon
391 1823 506 1900 potest.
551 1815 640 1880 Haec
664 1817 825 1880 sententia
846 1821 915 1879 tum
938 1835 957 1878 a
980 1813 1160 1878 conditione
1180 1835 1254 1897 pro·

110 1917 228 1999 posita,
266 1922 335 1982 tum
358 1917 398 1984 ab
421 1920 475 1998 iis,
506 1939 588 2002 quae
617 1923 809 2001 sequuntur,
838 1913 1053 2001 postulantur.
1103 1916 1253 2000 Singulae
1296 1913 1321 1990 l
1429 1905 1434 1924 ’

110 2019 190 2084 enim
210 2020 378 2103 judicandi
399 2021 571 2085 facultates
591 2024 830 2104 percenseatur,
852 2025 890 2084 ut
908 2041 1019 2084 earum
1041 2039 1109 2084 esse
1130 2019 1253 2084 nullam

111 2129 274 2204 appareat.
298 2171 305 2184 .
407 2123 490 2202 Quid
514 2129 577 2204 est,
601 2123 687 2206 quod
718 2121 886 2206 adjicitur:
922 2116 1043 2210 καὶμὴ
1066 2113 1149 2186 ε’ίτι
1170 2115 1254 2186 κατὰ

12 2277 13 2280 ,
109 2219 296 2311 μεταφορὰν
317 2223 476 2308 ίίμομενί
520 2223 554 2289 Si
581 2225 756 2310 phantasia
774 2225 906 2310 proprie
930 2223 1060 2305 dicitur,
1099 2245 1163 2309 qua
1185 2246 1255 2309 spe-

111 2325 170 2390 cies
191 2326 285 2391 nobis
300 2327 501 2410 objiciuntur,
524 2349 628 2411 neque
651 2328 739 2392 aliud
762 2328 940 2411 quidquam
962 2326 1116 2392 translate
1139 2349 1176 2393 eo
1198 2349 1254 2392 uo·

12 2479 13 2496 t
111 2427 192 2492 mine
215 2429 430 2512 significatur:
453 2429 507 2493 vix
529 2431 591 2494 erit
613 2449 724 2494 earum
747 2428 941 2494 facultatum
963 2451 1037 2511 una,
1061 2451 1125 2515 qua
1144 2451 1254 2496 verum

109 2527 296 2610 judicamus.
341 2529 525 2618 φαντασίαν
548 2553 568 2595 a
590 2533 722 2617 propria
742 2531 788 2610 vi,
814 2553 878 2617 qna
900 2533 942 2597 ad
965 2534 1084 2616 species
1105 2534 1253 2618 pertinet,

111 2629 238 2717 linguae
260 2655 336 2698 usus
358 2635 501 2715 deflexit,
538 2641 576 2699 ut
598 2634 641 2698 ad
662 2633 794 2718 aliquod
817 2635 1024 2718 cognoscendi
1046 2658 1145 2720 genus
1167 2657 1255 2702 acce-

112 2733 173 2798 dat
219 2736 271 2800 Ita
296 2741 322 2816 l,
347 2741 374 2801 1.
397 2735 545 2824 §.lff.“

193 2863 254 2927 Die
279 2865 322 2928 im
353 2869 427 2930 3ten
452 2865 529 2951 Cap.
554 2866 610 2931 des
639 2872 715 2932 3ten
738 2865 865 2932 Buches
895 2866 952 2931 der
974 2867 1062 2934 arist.
1086 2869 1255 2954 Psycholo·

112 2965 158 3048 gie
188 2967 403 3052 besprochene
433 2969 494 3033 Art
530 2969 588 3034 der
611 2964 777 3057 φαντασία
811 2971 854 3035 ist
885 2969 952 3034 also
981 2969 1153 3054 diejenige‚
1190 2992 1254 3054 qua

12 3103 13 3128 t
113 3065 264 3152 imagines
292 3069 383 3135 nobis
415 3073 574 3152 existunt,
611 3072 653 3136 ad
681 3072 729 3136 rei
758 3072 889 3156 quidem
909 3072 1078 3137 veritatem
1105 3093 1169 3138 non
1201 3094 1254 3138 ex·

113 3177 202 3236 actae
225 3194 255 3236 u.
279 3195 303 3238 s.
327 3195 381 3254 w.;
420 3174 506 3239 denn
535 3174 635 3253 diese,
663 3173 754 3238 nicht
775 3170 941 3259 φαντασία
962 3171 1046 3238 κατὰ
1067 3170 1255 3264 μεταφορὰν

12 3275 13 3330 ἶ
113 3271 170 3336 soll
192 3272 266 3338 dort
293 3274 412 3342 erklart
434 3276 570 3342 werden.
615 3297 651 3362 φ.
674 3271 758 3338 κατὰ
779 3273 966 3364 μεταφορὰν
994 3277 1092 3342 selbst
1112 3278 1255 3344 bezeich-

12 3359 14 3454 l
116 3379 168 3438 net
189 3375 321 3458 aliquod
335 3379 544 3462 cognoscendi
559 3399 659 3462 genus
680 3377 746 3442 und
767 3378 825 3442 hat
839 3379 945 3444 nichts
966 3380 1026 3444 mit
1046 3381 1148 3446 einem
1171 3377 1255 3468 φὰν-

114 3495 223 3558 τασμα
244 3479 384 3544 rothun
406 3481 594 3566 (imaginum
617 3479 995 3568 speciesexcluduntur).
1041 3482 1091 3548 Da
1113 3484 1189 3548 aber
1210 3485 1255 3550 im

114 3576 273 3642 Nachsatz
293 3583 408 3663 gerade
438 3583 496 3647 das
518 3582 706 3666 Gegentheil
733 3583 832 3664 steht,
869 3580 931 3666 μία
962 3580 1014 3664 τίς
1040 3582 1112 3652 ἐστι
1133 3580 1255 3652 τοίτων

12 3687 13 3724 ³
115 3674 249 3762 δύναμις
271 3704 301 3746 u.
325 3705 348 3748 s
373 3707 428 3766 w.‚
451 3707 485 3749 so
509 3685 587 3748 wird
608 3685 659 3750 die
681 3685 894 3752 Emendation
915 3689 965 3754 ins
987 3687 1174 3772 Gegentheil
1196 3681 1254 3754 οὗ·

12 3807 13 3810 “
116 3777 211 3864 δεμία
232 3805 283 3860 τις
304 3786 379 3853 oder
400 3788 626 3872 interrogative
646 3787 790 3874 Fassung
812 3789 868 3855 des
890 3790 999 3856 Satzes
1020 3791 1232 3876 nothwendig.

199 3913 306 3996 Gegen
329 3916 414 3982 dieas
437 3915 620 4000 Erkltirung
640 3917 684 3981 ist
705 3919 943 3986 einzuwenden:
972 3921 1049 3986 Was
1071 3921 1256 3988 bezeichnet

12 4023 13 4032 ’
116 4035 150 4099 φ.
172 4010 259 4078 κατὰ
278 4015 473 4106 μεταφορὰν,
496 4039 588 4084 σασα
603 4039 677 4082 man
693 4020 738 4082 sie
752 4020 811 4086 aul
823 4022 953 4106 aliquod
974 4023 1182 4106 cognoscendi
1203 4045 1255 4108 ge-

117 4137 174 4182 nus
195 4117 340 4184 bezieht?
383 4121 422 4186 de
438 4143 488 4186 an.
506 4126 532 4200 1,
551 4125 578 4184 1.
592 4122 618 4206 ξ.
630 4127 658 4202 7,
682 4125 806 4187 worauf
824 4123 890 4188 sich
904 4123 1163 4208 Trendelenburg
1184 4124 1256 4192 hier

117 4215 166 4282 fiir
188 4219 275 4284 diese
305 4224 480 4309 metaphor.
505 4223 692 4306 Bedeutung
720 4225 841 4306 barrit,
879 4226 958 4291 wird
980 4225 1053 4291 dort
1074 4249 1135 4294 von
1158 4227 1256 4294 Tren·

12 4351 13 4408 ς
117 4319 291 4408 delenburg
313 4324 411 4390 selbst
433 4325 554 4392 erklart
575 4326 623 4392 als
645 4327 847 4412 imaginatio,
874 4349 957 4416 quae
979 4351 997 4394 e
1019 4330 1165 4396 sensibus
1185 4337 1260 4395 orta

12 4417 13 4440 ¹
118 4423 258 4490 nondam
287 4427 328 4492 ad
356 4429 470 4514 judicii
497 4429 709 4498 subtilitatem
743 4435 860 4501 exacte
886 4437 956 4512 est,
991 4449 1102 4522 genau
1120 4427 1274 4510 disselbflr

1026 4547 1045 4602 Ἄ
