2934 5076
789 486 849 550 100

311 665 413 745 putet.
459 659 551 739 Quod
574 681 769 746 quamquam
782 683 822 727 ex
838 681 873 727 se
893 661 964 746 ipsc
980 659 1093 744 quaeri
1107 677 1172 725 non
1187 656 1330 743 vult²¹⁷)‚
1440 667 1451 745 i

308 770 417 831 tamen
439 763 480 830 de
502 784 542 830 ea
563 785 598 831 re
620 765 700 832 satis
720 765 865 852 judicare
887 784 1068 850 possumus.
1120 763 1227 846 Atque
1253 760 1330 826 illud
1441 791 1451 832 r

310 868 441 953 quidem
463 873 586 934 certum
608 875 674 951 est,
706 869 891 936 Ciceronem
914 889 984 934 eam
1014 865 1260 952 philosophandi
1282 885 1331 930 ra·
1442 897 1443 902 1

309 973 430 1038 tionem
452 991 523 1038 csse
546 977 704 1054 secutum,
727 993 809 1058 quae
830 993 931 1057 novae
953 971 1161 1053 Academiae,
1187 971 1331 1055 inprimis
1442 1003 1451 1041 r

310 1076 464 1160 Arcesilai
498 1081 532 1142 et
554 1076 728 1143 Carneadis
758 1078 953 1143 auctoritate
985 1075 1115 1142 firmata
1144 1081 1177 1142 et
1203 1081 1332 1161 recepta
1443 1105 1452 1146 t,

311 1180 462 1264 marm).
508 1179 579 1259 Qua
601 1183 727 1247 ratione
757 1181 813 1266 qui
845 1178 1171 1265 philosophabantur,
1204 1183 1331 1246 tantum
1446 1245 1448 1251 .

310 1282 435 1366 aberat,
458 1288 494 1350 ut
516 1290 606 1350 certa
627 1285 785 1370 quaedam
806 1284 998 1370 probarent,
1029 1288 1066 1348 ut
1093 1282 1221 1348 omnino
1244 1281 1331 1366 quid·
1443 1345 1452 1357 ,

311 1408 408 1473 quam
442 1389 563 1473 percipi
595 1409 690 1473 posse
722 1395 780 1454 aut
814 1389 889 1455 sciri
928 1387 1165 1472 negarent219).
1230 1386 1332 1465 Quum
1444 1421 1449 1462 7

311 1492 395 1558 enim
417 1491 565 1558 omuibus
595 1493 786 1574 enuntiatis,
821 1512 904 1576 quae
935 1511 1011 1556 vera
1040 1509 1110 1556 esse
1138 1489 1331 1572 viderentur,
1444 1525 1452 1566 23

310 1595 392 1661 falsa
415 1595 570 1678 quaedam
594 1596 734 1662 admista
755 1595 933 1678 crederent,
957 1601 990 1661 et
1011 1594 1131 1660 nullam
1153 1594 1259 1661 inesse
1276 1615 1333 1662 nec
1448 1611 1453 1671 'jz

311 1701 345 1764 in
366 1698 463 1765 robus
486 1700 564 1784 ipsis
586 1721 645 1766 nec
671 1700 705 1765 in
728 1699 875 1767 sensibus
905 1720 965 1765 nec
991 1700 1026 1764 in
1059 1697 1262 1766 conclusione
1284 1721 1332 1767 ra·
1448 1738 1450 1741 v

310 1803 408 1869 tionis
441 1809 540 1888 atque
572 1803 808 1890 dialectica220)
838 1823 915 1870 vera
950 1823 971 1869 a
998 1802 1089 1870 falsis
1118 1803 1356 1890 distinguendi,
1452 1857 1453 1864 ,

311 1914 439 1989 notam,
463 1929 545 1993 quae
567 1915 657 1974 certa
678 1914 785 1991 esset,
815 1910 850 1973 in
872 1908 1018 1975 omnibus
1040 1909 1137 1976 rebus
1159 1909 1333 1996 dijudicari·
1449 1981 1451 1983 ,

312 2013 361 2079 dis
384 2014 562 2097 sapientem
583 2034 748 2079 assensum
771 2013 919 2079 cohibere
940 2014 1110 2080 voluerunt
1140 2019 1173 2079 et
1202 2015 1238 2080 id
1263 2020 1333 2080 tan·

310 2122 380 2183 tum
402 2118 508 2201 sequi,
541 2118 628 2202 quod
649 2117 816 2202 probabile
838 2123 872 2184 et
892 2117 1062 2183 verisimile
1084 2123 1178 2184 esset.
1222 2119 1335 2204 Itaque
1450 2087 1454 2137 '¹

313 2227 427 2288 contra
449 2221 590 2287 omnium
612 2222 799 2302 sententias,
823 2222 880 2306 qui
901 2221 1024 2306 aliquid
1036 2221 1196 2288 affirmare
1207 2225 1333 2305 vellent,

313 2326 456 2394 studiose
477 2325 706 2411 disputabant,
730 2330 828 2412 atquc
849 2327 884 2391 in
907 2347 946 2392 ea
967 2331 1038 2392 arte
1059 2331 1131 2393 tota
1152 2328 1221 2394 fere
1242 2328 1334 2415 hujus

312 2433 534 2518 philosophiae
564 2432 613 2498 ris
642 2431 751 2516 posita
779 2434 867 2512 crat,
901 2451 967 2496 non
998 2437 1035 2496 ut
1062 2431 1225 2516 viderent,
1260 2431 1334 2518 quid

312 2561 421 2606 verum
443 2543 545 2619 esset,
575 2537 694 2622 quippe
725 2536 811 2621 quod
831 2537 919 2602 cerni
944 2556 1040 2620 posse
1069 2544 1243 2621 negarent,
1280 2537 1335 2605 sed

313 2645 391 2730 quid
399 2642 652 2709 contraniterius
663 2640 1333 2729 senteutiamprobabiiiterdioiposset²²¹).

316 2749 408 2828 Quod
430 2749 537 2814 nescio
560 2767 603 2812 an
625 2745 737 2812 eodem
758 2746 825 2812 sere
853 2746 983 2828 redeat,
1018 2747 1111 2830 quasi
1138 2767 1197 2812 suo
1229 2770 1336 2832 quem·

315 2876 377 2941 que
387 2854 507 2939 judicic
517 2853 566 2918 uti
574 2851 730 2938 jusserint
739 2851 812 2936 ²²²).
852 2851 920 2916 Nec
934 2850 1022 2916 aliud
1036 2850 1215 2935 quidquam
1227 2851 1336 2918 Cicero

315 2957 495 3044 significare
515 2955 654 3021 voluisse
674 2955 811 3037 videtur,
834 2955 891 3021 ubi
912 2955 1069 3021 curiosius
1092 2975 1190 3038 quam
1204 2975 1336 3022 necesse

315 3065 376 3147 sit,
399 3082 453 3128 eos
475 3060 581 3126 tacere
603 3059 666 3141 ait,
690 3061 745 3146 qui
767 3065 946 3144 quaerant,
980 3059 1058 3144 quid
1088 3059 1127 3124 de
1149 3080 1280 3145 quaque
1300 3079 1336 3126 ro

313 3168 385 3253 ipse
417 3166 554 3247 sentiat,
586 3165 680 3248 quasi
707 3165 811 3250 magis
840 3163 1044 3230 auctoritatis
1075 3183 1173 3248 quam
1200 3165 1337 3232 rationis

315 3277 478 3340 momenta
508 3270 695 3355 quaerenda
728 3271 803 3336 sint.
865 3267 1071 3352 Quapropter
1108 3272 1145 3333 ut
1181 3258 1338 3354 quidquid

315 3377 544 3464 probabilitate
566 3373 676 3460 aliqua
696 3375 838 3440 animum
859 3377 928 3460 ejus
950 3379 1103 3457 moverat,
1125 3375 1160 3440 id
1173 3377 1337 3442 vehemen-

315 3489 367 3549 tcr
388 3479 615 3566 ar1ipuit²²⁵)‚
638 3479 684 3545 sic
704 3500 798 3544 suum
820 3478 935 3563 cuique
953 3477 1108 3563 judicium
1129 3479 1268 3547 liberum
1289 3501 1338 3546 re·

388 3667 506 3737 alnus
524 3670 584 3720 Nat.
604 3669 680 3722 θεον.
698 3667 717 3731 1,
736 3669 761 3731 5,
783 3668 816 3720 10
834 3668 1031 3738 ο111ιεο.ὒὶερ.
1050 3669 1077 3732 V,
1095 3669 1121 3732 4,
1142 3669 1183 3722 11.
1274 3667 1340 3738 218)

318 3761 352 3811 Do
372 3758 431 3812 Nat.
450 3761 527 3811 Decr.
546 3761 564 3822 1,
584 3761 600 3810 5
623 3760 663 3812 11.
808 3757 876 3828 219)
898 3760 952 3814 Cic.
981 3759 1062 3810 Acori.
1093 3759 1113 3820 1,
1142 3759 1189 3822 12,
1214 3761 1251 3812 41
1269 3777 1305 3826 sq.

317 3849 384 3919 220)
405 3853 457 3902 Cic.
477 3851 559 3906 Accu
582 3852 617 3912 11,
643 3850 687 3914 28,
706 3850 739 3902 91
760 3865 810 3916 sqq.
942 3847 1010 3917 221)
1027 3851 1063 3901 01.
1086 3849 1137 3901 Cic.
1161 3850 1189 3900 de
1210 3851 1283 3902 Orat.
1302 3849 1340 3900 111,

319 3942 360 4006 18,
379 3942 413 3993 61
432 3957 467 4006 sq.
613 3938 680 4008 222)
702 3941 773 3991 Ture.
791 3940 863 4008 Disp.
883 3940 926 4002 IV,
946 3939 971 4001 3,
991 3939 1016 3990 ’1.
1034 3940 1067 4002 V,
1086 3938 1130 4001 29,
1151 3939 1193 3989 83.
1213 3967 1248 3978 -
1267 3941 1341 3998 Quare

317 4033 383 4082 ctiam
408 4039 486 4083 conus
513 4048 539 4082 sc
561 4030 629 4081 sc1ibi
655 4037 744 4080 tantum
775 4029 840 4078 abest
871 4037 897 4078 ut
928 4030 997 4090 nolit,
1017 4025 1050 4079 'ut
1081 4029 1104 4080 id
1142 4030 1239 4080 maxime
1271 4035 1340 4093 optol.

315 4123 370 4174 ibid.
388 4122 416 4184 11,
440 4122 465 4184 2,
483 4122 508 4173 4.
526 4122 574 4172 Nec
592 4135 662 4185 quum
681 4119 827 4168 Academicus
846 4126 917 4180 esset,
936 4119 1000 4168 aliter
1017 4121 1103 4170 sentire
1122 4128 1218 4185 potent.

317 4209 385 4278 223)
407 4213 478 4265 Ture.
497 4211 567 4279 Disp.
589 4209 616 4271 V,
637 4208 685 4270 11,
705 4207 754 4271 33;
773 4209 802 4258 de
822 4209 898 4272 Offic.
918 4208 963 4269 111,
983 4207 1008 4269 4,
1028 4207 1070 4258 20.
1187 4247 1189 4254 ,
