2966 5072
626 491 698 573 ‘oo

233 677 381 744 Stabrius
401 677 501 762 igitur
518 683 621 744 totam
637 678 772 742 istorum
784 675 926 740 locorum
939 674 1194 758 repugnantiam,

166 781 210 847 de
238 803 303 867 qua
324 782 606 868 wyttenbachium
629 785 696 866 jam
726 780 920 859 suffivimus,
957 779 1114 844 removeri
1144 799 1194 842 ar·

165 885 398 972 bitratur¹⁵⁹),
431 887 459 952 si
486 891 671 969 reputemus
693 882 876 948 Ciceronem
906 883 1012 966 priore
1037 882 1107 947 loco
1122 881 1195 965 1591·)

166 1008 239 1054 earn
269 988 311 1054 ob
347 1009 476 1054 causam
508 988 609 1055 libros
651 1008 726 1052 suos
763 986 802 1050 de
832 985 970 1052 Oratore
1007 984 1193 1050 Aristotelio

167 1113 257 1156 more
290 1092 429 1176 scriptos
463 1115 533 1159 esse
566 1092 780 1176 significasse,
819 1091 905 1175 quod
936 1091 970 1155 in
1000 1087 1126 1172 dialogo
1155 1111 1193 1154 ac

166 1195 387 1286 disputatione
410 1198 521 1281 scripti
544 1199 625 1278 sint,
655 1196 742 1280 quod
764 1199 801 1258 ἓν
828 1194 884 1258 διὰ
907 1193 999 1258 dvotv
1020 1192 1193 1258 admodum

166 1319 238 1364 esse
259 1301 418 1365 usitatum
441 1307 473 1366 et
495 1300 715 1384 accipiendum
736 1300 770 1364 in
791 1297 875 1363 bano
891 1298 1084 1362 sententiam
1109 1296 1191 1360 »dis-

165 1401 303 1486 putandi
342 1424 401 1487 per
444 1402 608 1487 dialogum
642 1404 806 1482 ratione«,
847 1401 980 1467 laudato
1012 1397 1190 1466 Goerenzio

165 1513 299 1572 auctore
331 1507 374 1572 ad
407 1506 472 1573 Cic.
506 1508 546 1574 de
574 1509 644 1573 Fin.
679 1505 855 1573 introduct.
889 1528 921 1589 p.
943 1505 1028 1570 xvi.
1079 1504 1191 1569 Altero

165 1611 236 1676 loco
251 1611 311 1698 ¹⁶⁰)
347 1635 412 1678 non
443 1613 495 1696 agi
529 1613 564 1676 in
592 1611 775 1677 universum
809 1609 849 1674 de
882 1608 1041 1692 dialogice
1076 1607 1189 1687 forma,
1270 1601 1275 1608 ’

167 1723 328 1800 quatenus
352 1715 543 1781 Aristoteles
574 1736 612 1780 ea
641 1716 675 1779 in
708 1714 838 1797 scriptis
868 1713 935 1777 suis
965 1733 1024 1776 usa
1050 1712 1110 1791 sit,
1133 1710 1190 1775 scd

166 1827 291 1884 certum
314 1819 476 1903 quoddam
500 1823 568 1904 ejus
590 1819 711 1884 formae
733 1838 832 1901 genus
860 1814 986 1881 definiri
1007 1814 1190 1879 accuratius

166 1921 287 1987 additis
317 1923 441 1989 verbis:
474 1943 572 2006 penes
601 1923 707 2005 ipsum
738 1919 945 1985 Aristotelem
971 1917 1189 2001 principatum

166 2047 246 2090 esse.
291 2025 336 2090 Et
367 2031 525 2109 quatenus
547 2025 659 2092 Cicero
684 2026 719 2089 in
744 2023 835 2091 libris
862 2023 901 2088 de
930 2023 1063 2088 Finibus
1092 2023 1189 2088 istam

166 2150 295 2213 qnoque
316 2129 499 2196 Aristotelis
527 2128 790 2194 consuetudinem
821 2128 967 2194 imitatus
998 2127 1056 2208 sit,
1089 2149 1189 2210 quum

166 2235 200 2298 in
232 2233 326 2300 libris
356 2235 396 2300 de
428 2234 565 2301 Oratore
604 2235 708 2299 forma
740 2232 870 2316 quidem
906 2235 1099 2314 (disputandi
1130 2252 1190 2314 per

167 2337 330 2422 dialogum
352 2342 450 2415 ratio)
472 2337 674 2418 Aristotelia,
705 2337 777 2419 ipsa
799 2341 907 2401 autem
929 2335 1095 2420 scriptoris
1117 2356 1190 2418 per.

168 2461 247 2506 sona
273 2441 387 2525 κωφὸν
408 2439 586 2526 πρόσωπον
614 2441 729 2522 fuerit,
763 2439 910 2506 Ciceroni
934 2439 1064 2505 licuisse
1088 2438 1189 2506 libros

167 2545 208 2610 de
236 2545 372 2611 Finibus
409 2547 580 2629 praecipue
608 2544 795 2610 Aristotelio
830 2563 919 2609 more
946 2544 1083 2626 scriptos
1118 2563 1190 2608 esse

167 2648 364 2734 significare,
387 2670 447 2714 nec
467 2650 502 2714 in
524 2671 562 2716 eo
584 2649 704 2714 dixisse
726 2649 811 2732 quod
833 2647 940 2714 verbis
962 2649 1005 2714 ad
1018 2647 1190 2714 Lentulum

168 2752 298 2836 scriptis
331 2757 502 2836 repugnet,
535 2751 653 2820 collato
677 2751 852 2818 Goerenzio
881 2749 903 2816 l.
927 2772 954 2817 c.
977 2751 1067 2832 XVI,
1089 2751 1189 2817 XVII.

167 2857 204 2922 In
226 2859 437 2923 annotatione
458 2857 559 2940 addit,
581 2877 678 2942 posse
699 2857 798 2922 etiam
819 2856 916 2922 aliam
934 2854 1098 2922 Ciceronis
1120 2877 1188 2920 vcr-

167 2959 217 3026 bis
244 2959 288 3025 ad
310 2960 408 3026 Attio.
432 2960 454 3025 l.
478 2982 505 3026 c.
524 2958 844 3045 Ἀριστοτέλειον
870 2981 986 3024 rnorem
1008 2997 1051 3008 -
1073 2961 1107 3022 in
1128 2979 1188 3041 quo

168 3085 270 3130 remo
291 3069 339 3128 ita
361 3068 519 3129 inducitur
540 3075 726 3143 ceterorum,
749 3075 784 3128 at
801 3085 898 3147 peaes
919 3066 1018 3145 ipsum
1039 3067 1081 3126 sit
1096 3065 1189 3144 pria-

167 3173 303 3252 eipotur,
342 3170 534 3235 sententiam
568 3168 687 3248 tribui,
722 3188 761 3232 ex
789 3189 854 3250 qua
891 3167 976 3232 ratio
1003 3165 1188 3232 Aristotelis

167 3269 305 3336 aliorum
328 3272 504 3338 sententias
526 3272 689 3339 indicandi
711 3278 744 3339 et
773 3292 850 3338 suae
871 3271 972 3354 ipsius
1001 3268 1190 3354 subjiciendi

168 3375 350 3460 significata
372 3375 426 3442 sit.

232 3478 352 3562 Scripti
374 3479 476 3563 igitur
498 3461 590 3560 sunt,
613 3486 771 3564 quantum
792 3477 940 3562 equidem
963 3497 1002 3541 ex
1023 3475 1075 3542 bis
1096 3476 1189 3542 intel·

166 3581 266 3666 ligere
287 3582 426 3666 possim,
459 3581 644 3649 Aristotelio
676 3603 766 3648 more
789 3580 952 3648 Ciceronis
982 3578 1022 3646 de
1053 3579 1191 3648 Oratore

165 3683 241 3750 libri
265 3684 312 3750 illi
334 3684 473 3769 quidem,
498 3686 555 3752 sed
575 3687 717 3770 perfecto
740 3685 868 3752 demum
890 3683 1079 3750 Aristotelio
1101 3705 1190 3750 more

165 3789 336 3872 compositi
357 3788 433 3854 libri
460 3789 500 3855 de
522 3790 672 3872 Finibus,
704 3790 808 3874 quod,
838 3809 921 3873 quaa
942 3787 1126 3852 Aristotelis
1157 3789 1189 3852 in

164 3892 303 3976 dialogis
340 3891 518 3958 scribendis
550 3895 635 3960 ratio
675 3894 788 3976 fuerit,
833 3899 871 3958 ut
907 3890 1055 3956 uidelicet
1092 3910 1189 3972 penes

244 4121 310 4190 159)
327 4117 484 4180 Aristotelia,
504 4133 557 4182 pars
576 4119 604 4179 ll,
623 4133 648 4184 p.
667 4117 824 4170 ass-246.
963 4111 1037 4180 159¹)
1055 4109 1099 4164 Ad
1115 4109 1189 4162 Fam.

165 4215 183 4272 Ι.
205 4213 231 4272 a,
252 4209 295 4262 2³.
406 4202 470 4270 160)
506 4206 722 4268 «sarriatur,
745 4207 784 4260 19.
