2966 5072
774 453 813 513 76

285 619 454 701 praefandi
476 621 753 700 consuetudinem,
777 627 810 686 et
831 625 1005 704 praecepta
1026 619 1142 700 danda,
1166 639 1249 702 quae
1272 625 1311 684 ut

287 720 399 787 Cicero
421 724 490 807 ipse
513 723 608 805 dicat,
632 745 652 788 a
668 724 887 790 communibus
903 724 1084 806 praeceptis
1101 721 1309 810 abhorreant,

284 831 356 891 tum
377 828 514 892 maxime
535 829 570 893 in
583 832 753 911 utramque
767 833 893 910 partem
909 826 1093 911 disputandi
1107 825 1312 891 referendum

287 951 357 995 esse
387 931 574 996 arbitratur.
635 932 785 998 Formam
818 937 926 996 autem
962 935 1129 1013 totumque
1161 931 1311 995 habitum

286 1035 513 1119 disputationis
543 1058 563 1102 a
593 1036 730 1102 Platone
761 1037 932 1120 praecipue
965 1036 1094 1101 duxisse
1123 1033 1312 1100 Ciceronem

286 1140 457 1205 existimat.
513 1140 562 1204 De
591 1139 731 1219 ,alterius
763 1161 835 1204 oum
867 1139 969 1204 altero
1000 1139 1063 1203 loci
1095 1139 1312 1222 repugnantia

286 1242 375 1306 nihil.
420 1243 556 1309 Videtur
578 1250 702 1325 autem,
737 1244 823 1327 quod
853 1244 895 1309 ad
916 1241 1084 1327 praefandi
1106 1242 1310 1308 consuetudi-

285 1366 360 1411 nem
381 1347 604 1413 Aristotelium
624 1368 746 1414 morem
767 1347 970 1413 referendum
992 1353 1112 1429 censet,
1139 1348 1173 1413 id
1195 1349 1310 1414 fecisse

287 1451 444 1516 adductus
467 1451 546 1533 loco,
571 1452 626 1535 qui
647 1452 766 1535 legitur
787 1453 821 1517 in
843 1452 979 1535 epistola
1001 1452 1141 1535 quadam
1163 1452 1205 1516 ad
1224 1453 1310 1517 Atti·

286 1556 438 1640 cum¹⁷4),
470 1556 525 1620 ubi
549 1554 659 1620 Cicero
689 1556 768 1620 dicit
794 1557 965 1639 prooemiis
989 1575 1023 1620 se
1049 1556 1097 1620 uti
1118 1556 1153 1620 in
1175 1555 1309 1639 singulis

286 1658 387 1740 libris,
411 1665 448 1723 ut
469 1659 660 1725 Aristoteles
681 1660 717 1724 in
737 1659 792 1740 iis,
815 1680 894 1743 quos
917 1657 1120 1745 ἒξωτερικούς
1141 1666 1241 1725 vocet.
1265 1699 1311 1709 -—

287 1762 334 1827 Ac
355 1769 442 1830 recte
463 1784 535 1829 mea
557 1763 685 1847 quidem
708 1765 868 1830 sententia
888 1785 961 1828 oum
981 1762 1062 1828 illud
1090 1765 1215 1847 posuit,
1246 1765 1310 1831 for-

286 1885 372 1930 mam
394 1867 512 1952 dialogi
533 1868 715 1932 universam
738 1873 772 1932 et
794 1871 961 1932 externum
987 1868 1143 1932 sermonis
1164 1867 1311 1933 habitum

289 1967 475 2036 Ciceronem
496 1991 516 2035 a
537 1971 671 2037 Platone
693 1977 874 2036 mutuatum
898 1990 981 2050 esse,
1011 1976 1081 2035 tum
1102 1970 1311 2038 vehementis·

288 2074 367 2138 sime
390 2075 627 2158 comprobanda
644 2073 722 2140 mihi
740 2075 866 2139 videtur
885 2075 945 2140 viri
966 2074 1101 2140 illustris
1124 2096 1163 2140 ea
1184 2081 1311 2141 senten·

286 2177 344 2257 tia,
368 2198 431 2260 qua
445 2179 629 2245 Aristotelis
650 2200 740 2244 more
761 2180 918 2245 rationem
938 2179 972 2243 in
993 2184 1164 2264 utramque
1185 2185 1312 2263 partem

288 2281 474 2366 disputandi
507 2285 664 2349 contineri
699 2283 805 2348 ducat.
870 2283 973 2360 Quam
1006 2287 1073 2368 ejus
1108 2286 1312 2368 sententiam,

219 2411 222 2414 ·
288 2406 387 2468 quum
414 2390 484 2470 jam
512 2393 607 2453 antea
629 2408 649 2451 a
672 2390 834 2452 Kuelcero
857 2387 966 2452 eadem
996 2388 1090 2452 istius
1113 2387 1312 2455 difficultatis

289 2490 500 2555 removendae
529 2493 613 2557 ratio
641 2491 722 2558 inita
744 2513 814 2558 esse
841 2491 988 2557 videatur
1001 2492 1075 2577 ¹⁷⁵),
1108 2494 1210 2558 secuti
1237 2499 1313 2559 sunt

289 2595 422 2678 Bobius,
453 2600 485 2659 et
516 2597 572 2678 qui
593 2596 701 2680 paullo
723 2596 854 2662 uberius
877 2596 917 2660 de
940 2617 979 2661 ea
1000 2617 1036 2659 re
1057 2597 1221 2679 exposuit,
1249 2619 1312 2663 uuo

289 2700 494 2779 Boumtcuer,
516 2701 577 2764 viri
591 2700 714 2782 Batavi,
739 2721 874 2784 quorum
896 2700 988 2780 alter,
1011 2699 1132 2765 Bakius
1154 2701 1314 2783 quaedam

235 2820 239 2828 ’
289 2801 323 2866 in
345 2801 406 2866 hac
429 2805 616 2884 quaestione
638 2809 732 2870 acute
754 2804 889 2891 conjecit
910 2803 961 2868 vel
981 2804 1174 2886 praesagivit
1192 2806 1313 2888 potius,

290 2905 355 2970 alia
376 2907 504 2972 miscuit
527 2912 559 2972 et
580 2908 792 2991 perturbavit.
844 2908 928 2973 Nam
949 2928 1044 2989 saepe
1067 2906 1232 2988 discernit,
1255 2909 1315 2975 ubi

290 3031 341 3075 res
363 3011 457 3093 plane
479 3012 591 3078 eadem
609 3017 668 3092 est,
690 3017 760 3077 tum
776 3011 950 3092 confundit,
974 3008 1031 3074 ubi
1045 3010 1226 3075 accuratius
1243 3020 1314 3079 erat

291 3113 562 3198 distinguendum.
613 3115 720 3182 Verba
746 3119 833 3201 ejus,
865 3135 947 3198 quae
973 3113 1110 3177 maxime
1131 3111 1193 3178 huc
1214 3117 1315 3197 perti-

291 3242 368 3287 nere
389 3222 549 3304 arbitror,
581 3225 656 3286 sunt
677 3219 758 3285 haec
771 3219 842 3304 176);
878 3216 1042 3298 „Omnino
1062 3217 1257 3300 praecipuus
1278 3220 1315 3283 in

291 3325 352 3391 hac
374 3329 561 3410 quaestione
590 3330 703 3391 auctor
732 3323 824 3389 nobis
853 3319 1046 3404 relinquitur
1076 3321 1233 3405 simulque
1259 3343 1314 3387 ex·

292 3429 431 3511 emplum
447 3429 567 3510 Cicero,
590 3431 646 3514 qui
667 3429 836 3494 manifesto
858 3447 922 3490 non
939 3423 1136 3490 Socraticum
1151 3425 1314 3510 dialogum
1358 3485 1361 3491 .

292 3534 484 3615 aemulatur,
515 3534 696 3614 sedilium,
728 3553 823 3616 quem
844 3529 1012 3597 brevitatis
1036 3551 1134 3598 causa
1154 3531 1314 3598 Aristote-

368 3697 433 3766 174)
451 3699 493 3758 IV,
515 3697 562 3758 16,
582 3697 606 3747 2.
772 3691 837 3760 175)
861 3695 907 3744 cfr.
933 3696 987 3757 ejus
1020 3695 1074 3744 edit.
1103 3695 1185 3746 Cicer.
1216 3696 1313 3747 Tuscae.

294 3792 419 3858 Dispudet.
439 3789 467 3839 ed
485 3789 511 3839 4.
531 3787 633 3856 lipsiae
654 3785 721 3836 1853
739 3800 764 3850 p.
784 3785 799 3834 Ἰ
819 3800 854 3849 sq.
890 3785 983 3834 Librum
996 3785 1107 3848 eJusdem,
1126 3785 1165 3847 qui
1176 3784 1314 3834 inscribitur:

293 3887 328 3937 M.
351 3885 424 3937 Tullii
446 3884 576 3936 Ciceronis
593 3884 622 3932 in
645 3880 830 3948 philosophiam
854 3882 957 3946 ejusque
982 3887 1069 3946 parles
1094 3879 1190 3929 anema.
1238 3881 1314 3928 Corn-

293 3977 412 4028 menlctio
426 3975 496 4041 repio
508 3973 622 4040 praernio
634 3977 735 4022 ornata.
751 3967 890 4034 Homini-pi
908 3968 1047 4034 sumptibus
1062 3966 1187 4017 Frideriei
1204 3967 1313 4018 Partes.

298 4065 364 4117 1825
383 4065 439 4116 mihi
463 4063 575 4128 inspicere
600 4076 646 4110 non
671 4057 739 4107 licuit.
887 4055 952 4123 176)
971 4055 1093 4107 Sclsolieu
1112 4057 1317 4126 hypomneomlc,

296 4159 385 4222 scripsit
402 4160 453 4208 lob.
472 4159 569 4219 Belius,
595 4155 623 4206 ll.
642 4154 667 4203 L.
686 4153 712 4202 B.
733 4151 809 4202 1839.
830 4151 854 4203 8.
874 4167 896 4216 p.
917 4150 950 4202 23
969 4165 1021 4215 sqq.
