2966 5072
618 525 658 588 17

137 691 193 756 nbi
216 691 303 773 qnod
322 692 477 775 scriptum
492 694 544 774 sit,
567 701 735 778 comparat
749 698 969 780 compictnrc.
1013 697 1163 762 Pioturee

136 797 222 862 enim
245 795 346 880 opeic
367 802 522 881 tunquam
543 797 683 863 viventis
704 805 848 881 exstare,
880 800 936 866 sed
968 801 995 865 si
1018 800 1094 883 qnid
1122 821 1162 865 ex

135 903 176 968 iis
198 899 380 986 rogaveris,
417 903 558 985 graviter
580 902 754 970 admodum
783 910 817 970 et
845 905 1024 971 verecunde
1057 904 1159 970 silere.

136 1005 259 1071 Eodem
282 1004 378 1071 modo
402 1027 564 1072 sermones
587 1006 668 1073 nihil
688 1008 778 1092 ipsos
801 1007 1017 1092 intelligentes
1044 1008 1159 1090 dicere,

137 1116 170 1174 et
193 1109 322 1193 siquid
354 1110 395 1177 eb
424 1109 465 1175 iis
496 1109 657 1175 dictorum
686 1110 807 1176 sciendi
823 1113 950 1178 nvidus
980 1114 1161 1179 sciscitatus

135 1213 195 1294 sis,
226 1213 313 1278 idem
336 1233 463 1297 semper
494 1219 527 1279 et
549 1235 649 1280 unum
672 1214 862 1298 signifioare.
919 1216 1082 1300 Quidquid
1104 1215 1186 1283 ηιμ·

135 1325 202 1384 tem
223 1317 324 1383 semel
345 1318 500 1401 scriptum
523 1319 576 1399 sit,
599 1318 633 1384 id
654 1319 774 1402 ubique
797 1319 840 1383 sb
862 1319 903 1384 iis
926 1321 981 1404 qni
995 1321 1159 1388 intellexe-

135 1421 202 1487 rint
222 1421 258 1486 in
280 1441 336 1486 ore
357 1421 435 1487 ferri
458 1443 497 1487 no
518 1421 680 1505 provolvi,
705 1423 771 1488 sive
794 1423 923 1505 deceat,
955 1425 1021 1490 sive
1042 1427 1157 1491 minus.

136 1525 248 1592 Talem
269 1545 448 1592 sermonem
470 1527 594 1591 nescire
616 1525 722 1593 dicere
744 1526 861 1612 quibus
876 1535 1026 1612 oporteat
1044 1536 1077 1595 ct
1092 1530 1160 1614 qui·

135 1631 196 1697 bne
217 1651 284 1698 non
306 1637 466 1715 oporteat,
490 1636 523 1696 et
545 1630 724 1715 siquando
746 1634 865 1718 injurie
886 1633 1021 1700 effectus
1043 1634 1088 1701 sit
1101 1636 1160 1700 im·

135 1737 267 1818 merito,
298 1737 405 1820 ipsum
428 1733 491 1800 sibi
511 1734 664 1800 auxilinm
686 1735 771 1802 ferre
799 1758 864 1802 non
885 1759 980 1820 posse
1002 1743 1035 1802 et
1056 1739 1160 1822 patn's

135 1861 261 1926 semper
282 1860 375 1924 egere
397 1837 600 1924 adjumento,
628 1840 734 1923 ipsum
756 1841 841 1904 enim
862 1861 967 1926 neque
989 1842 1160 1910 defendere

135 1965 169 2010 se
198 1943 241 2010 ab
271 1943 465 2010 adversariis
498 1965 603 2028 neqne
636 1964 729 2028 opem
759 1943 822 2008 sibi
851 1943 935 2010 serre
964 1966 1070 2030 posse.
1115 1949 1160 2014 At

134 2055 248 2114 contra
266 2047 367 2112 ulium
383 2065 454 2113 esse
470 2067 658 2128 sermonem,
681 2048 800 2131 prioris
815 2047 950 2114 fratrem
961 2071 1158 2134 germanum,

135 2153 189 2238 qni
218 2152 252 2217 in
283 2153 390 2218 animo
420 2153 573 2220 discentis
603 2175 676 2219 cnm
706 2155 841 2219 scientie
870 2155 1048 2237 scribatur,
1083 2159 1160 2240 quin

134 2257 196 2323 sibi
218 2257 289 2340 ipse
311 2256 461 2322 auxiliari
490 2257 594 2340 possit
624 2265 658 2324 et
678 2258 857 2342 intelliget,
892 2258 986 2344 apud=
1010 2281 1090 2344 quos
1112 2260 1158 2328 lo.

134 2359 298 2448 quendum
331 2360 388 2442 sit,
420 2359 509 2443 apud
537 2381 618 2444 quos
647 2361 829 2426 tacendum.
880 2360 974 2428 Hunc
994 2365 1098 2429 vivere
1125 2371 1159 2430 et

133 2485 204 2534 esse
225 2465 417 2544 animatum,
440 2467 531 2550 cujus
553 2466 659 2532 oratio
681 2466 804 2550 scripta
818 2465 1025 2532 simmoorum
1043 2468 1159 2535 merito

132 2571 270 2636 dicotur.
327 2568 397 2646 Quo
429 2589 576 2634 sermone
605 2570 663 2652 qui
691 2571 772 2636 scite
797 2575 927 2650 utetur,
961 2590 1035 2636 enm
1064 2573 1158 2654 quasi

137 2693 298 2740 sermones
332 2671 481 2755 plantare
514 2678 548 2740 et
580 2693 703 2754 serere,
735 2674 792 2757 qui
821 2673 849 2738 si
880 2673 976 2740 modo
1008 2673 1158 2742 idoneum

131 2901 248 2964 ηθὲνης
266 2899 377 2971 δολιχὸν
394 2903 576 2954 καταπίνουσι
593 2899 638 2952 τοῦ
655 2881 764 2972 λ’όγου.)
789 2903 971 2967 huncquoque,
999 2915 1058 2966 qnae
1076 2915 1157 2953 revera

132 3005 186 3042 voce
198 2993 239 3054 fit,
256 3007 305 3042 non
324 2993 399 3042 minus
417 2993 519 3054 graviter
536 2991 641 3054 irrident,
660 2999 684 3042 et
702 2999 752 3042 tum
769 2993 882 3054 maxime,
900 3005 970 3056 qnnm
989 2991 1019 3042 de
1037 3007 1064 3042 re
1082 2993 1158 3057 eliqua

131 3087 235 3131 armate
252 3080 385 3132 deiicienda
402 3089 427 3132 et
444 3082 605 3144 commmoda
622 3081 712 3143 agitur,
738 3083 819 3146 quales
837 3081 932 3132 omuino
950 3087 1016 3142 eunt,
1041 3095 1100 3144 quae
1118 3097 1157 3132 res

130 3171 159 3220 ad
177 3171 349 3235 philosophiam
366 3172 501 3236 pertinent,
527 3187 555 3222 se
572 3171 693 3236 deprecari
711 3165 763 3221 ee‘m
786 3172 860 3233 dicet,
884 3171 939 3240 (etr.
959 3172 1036 3242 dorp.
1053 3171 1069 3222 Ι.
1085 3189 1106 3224 o.
1134 3190 1158 3240 p.

130 3259 190 3322 4⁴9,
208 3261 236 3312 B.
256 3259 359 3328 Prorup.
377 3261 403 3312 ll.
419 3277 453 3312 cc.
471 3276 494 3324 p.
514 3259 576 3322 334,
595 3261 628 3323 1);
646 3275 670 3324 p.
689 3258 751 3322 348,
769 3259 802 3328 D)
826 3262 920 3327 suisque
938 3263 1157 3326 internogedonibm

129 3365 197 3415 qum
217 3351 354 3401 brevissime
372 3352 511 3414 responderi
529 3353 598 3412 velit,
625 3351 682 3401 nihil
701 3366 729 3401 er
748 3352 785 3401 his
809 3349 886 3413 colligi
910 3352 972 3402 eliud
986 3354 1087 3416 poterit,
1111 3354 1156 3403 nisi

130 3439 248 3488 Platonem
267 3439 383 3500 dialogum
401 3441 426 3492 in
444 3441 591 3504 philosophie
614 3441 672 3490 elius
696 3440 795 3504 cujusvis
819 3441 931 3491 cretionis
953 3443 1051 3491 lormae'
1064 3443 1155 3505 praele-

130 3528 225 3578 reatu
250 3527 404 3579 existimasse.
457 3529 501 3588 cni
525 3530 587 3579 enim
614 3543 693 3578 sermo
717 3543 763 3578 nnn
790 3532 944 3594 perpetuitate
972 3531 1084 3582 deductus
1111 3541 1156 3596 est,

129 3631 197 3682 saepe
216 3617 299 3668 eode-
319 3617 367 3668 tere
384 3618 440 3668 vitio
458 3617 561 3680 loborat,
588 3633 634 3682 quo
652 3617 793 3670 solt-'tem
810 3627 891 3670 noster
914 3621 997 3671 meunt
1015 3619 1070 3672 dicit
1088 3621 1156 3672 nno·

129 3719 180 3756 tam
207 3707 319 3767 mmm,
345 3721 404 3770 qnae
422 3721 518 3770 semper
539 3707 568 3757 ad
586 3707 649 3757 idem
667 3706 777 3768 redeant,
805 3709 912 3775 idemque
931 3712 1085 3773 contendant,
1111 3713 1155 3764 out

128 3809 171 3858 per
187 3803 248 3846 totas
267 3795 337 3844 home
352 3796 411 3845 ratio
430 3796 497 3846 docta
515 3796 553 3846 sit
589 3797 662 3860 Atque
681 3797 775 3846 omnino
793 3797 926 3860 Platonem,
953 3801 1027 3849 virum
1047 3801 1154 3851 tortissi-

128 3900 202 3946 amm,
220 3887 301 3948 lugere
324 3900 371 3934 non
389 3885 478 3950 potnit,
510 3899 563 3934 esee
581 3883 695 3956 eiusmodi
714 3885 831 3935 interdum
849 3887 969 3938 hominnm
987 3889 1154 3952 praejudicatae

127 3975 262 4038 opinionm
289 3979 315 4022 ut
338 3973 382 4022 nisi
407 3973 525 4022 dialectice
549 3973 709 4035 drmmventt,
738 3973 892 4026 nullomodo
915 3977 1018 4028 convinci
1036 3993 1064 4028 ae
1081 3977 1155 4028 rotelli

127 4063 225 4126 poesim.
260 4061 308 4112 cn.
327 4062 356 4111 de
376 4069 424 4111 tota
442 4062 486 4114 hec
503 4075 529 4112 re
548 4061 629 4112 zeter
646 4060 670 4110 d.
690 4061 777 4112 rudos.
794 4062 818 4114 d.
838 4063 931 4118 cruet,
949 4065 976 4116 Τ.
992 4065 1013 4116 ΙΙ
1031 4063 1080 4134 (ed.
1092 4065 1154 4134 aec.)

126 4165 150 4215 p.
168 4149 282 4216 tttrqq.
300 4157 381 4200 conus
402 4149 486 4202 err.
497 4149 674 4202 Hermu
693 4149 777 4202 Geso.
794 4165 818 4202 n.
836 4153 929 4216 system
945 4153 970 4206 d.
988 4153 1046 4206 ttae
1065 4153 1151 4206 Philon.

126 4241 153 4290 t.
171 4240 190 4291 Ι.
208 4253 232 4304 p.
251 4237 367 4304 ctteqq.
386 4247 410 4289 et
428 4240 507 4304 qiud.
526 4255 638 4304 peremto.
657 4239 717 4292 tlh.
734 4255 759 4305 p.
777 4240 829 4294 285
841 4257 895 4308 sqq,

893 4335 912 4396 2
