2966 5072
820 461 862 522 ol

327 621 369 687 ab
390 620 702 708 ἐξωτερικοτςλόγοις
722 626 914 711 pervulgata
935 619 1006 694 esse
1028 627 1085 708 ait,
1108 644 1149 718 ea
1163 627 1266 694 mrito
1283 627 1354 694 bre·

327 728 417 794 viora
438 734 472 796 et
492 727 686 796 arctioribus
707 718 830 798 finibus
846 729 996 796 oonelusa
1016 729 1132 811 fuisse,
1153 730 1211 816 ita,
1233 737 1356 798 utnon

328 833 404 914 nisi,
436 851 520 918 quae
546 833 684 898 maxime
709 833 882 900 manifesta
907 838 1033 916 essent,
1061 833 1223 918 proderet.
1272 835 1355 901 Nam

329 935 413 1002 sieut
433 937 532 1010 verba
553 935 585 1000 oi
606 923 723 1001 nollet
742 937 1199 1022 signifioantmultitudinem,
1231 939 1356 1025 vulgus,

328 1039 470 1124 plebem,
494 1041 561 1107 sive
582 1041 682 1107 etiam
701 1040 846 1108 homines
866 1040 908 1107 de
926 1041 1038 1127 plebe,
1061 1042 1356 1129 hominesvulgaris

328 1148 424 1210 notae
446 1150 479 1210 et
502 1143 638 1230 generis,
660 1165 760 1230 quum
779 1143 814 1210 hi
836 1165 963 1231 quoque
984 1165 1064 1230 pree
1078 1167 1113 1212 se
1126 1146 1234 1214 ferant
1248 1168 1354 1214 mores

328 1249 496 1314 universae
523 1249 755 1330 multitudinis,
788 1249 835 1316 sio
861 1247 949 1316 haud
979 1251 1044 1317 saio
1074 1271 1117 1316 an
1141 1251 1194 1318 hio
1227 1273 1355 1338 quoque

329 1354 368 1415 τό
390 1351 497 1416 πολλοὶ
517 1352 708 1439 τεθρύληται
728 1353 910 1438 significent
929 1375 1085 1422 summm
1100 1361 1228 1424 tantum
1245 1377 1354 1424 rerum

273 1511 274 1516 ,
329 1457 535 1542 divulgatam,
557 1456 728 1524 tritissima
749 1477 909 1543 quaeque,
930 1458 1143 1526 usitatissima
1164 1466 1198 1526 et
1218 1463 1356 1526 maxime

329 1567 482 1629 consueta
505 1562 673 1628 enuntiata
693 1581 772 1628 esse.
816 1561 929 1647 Neque
959 1564 1057 1645 enim,
1093 1583 1178 1650 quae
1204 1570 1279 1630 sunt
1302 1585 1355 1632 ex·

329 1666 506 1750 quisitioris
533 1664 717 1746 doetrinae,
752 1683 792 1730 ea
819 1670 857 1730 ut
886 1665 1104 1752 diuulgentum
1140 1667 1355 1738 multitudiuis

329 1770 440 1854 captui
459 1770 702 1837 accommodata
722 1776 807 1838 sunt.
840 1772 938 1852 ¹Ante
959 1774 1067 1839 omnia
1087 1773 1187 1859 ip'tur
1207 1793 1284 1841 cave
1297 1795 1354 1859 pu·

327 1880 379 1940 tes
407 1874 442 1939 in
466 1873 661 1959 ἐξωτερικοῖς
686 1873 795 1954 λόγοις
825 1873 963 1941 aliorum
991 1875 1172 1946 doetrinam
1198 1879 1238 1946 de
1263 1879 1354 1960 ideis,

327 1977 474 2062 inprimis
494 1977 656 2060 Platonis,
675 1981 744 2064 jam
764 1979 798 2045 in
819 1999 928 2046 omnes
950 1985 1060 2064 partes
1074 2003 1266 2068 perpensam
1283 2003 1354 2050 esse

330 2086 388 2148 aut
408 2081 606 2148 oonfiutatam
627 2081 735 2148 etiam.
791 2082 859 2148 Neo
886 2082 955 2149 vult
980 2083 1087 2152 dicere
1111 2107 1183 2153 eam
1210 2107 1282 2154 esse
1309 2086 1355 2154 le·

329 2205 401 2251 vem
422 2205 461 2251 ae
482 2183 600 2250 nullius
621 2187 791 2269 momenti,
813 2192 871 2254 aut
892 2188 973 2254 satis
991 2192 1059 2274 jam
1080 2187 1278 2273 refutatam,
1297 2191 1357 2258 sed

330 2293 503 2359 maximam
536 2296 664 2375 partem
695 2311 755 2375 per
783 2290 987 2376 ῖξωτερικοός
1020 2291 1135 2371 λόγους
1161 2295 1197 2360 in
1225 2293 1357 2380 vulgum

254 2438 256 2443 ·
331 2397 449 2463 elatam
468 2415 549 2462 esse.
606 2393 712 2473 Quare
739 2415 782 2460 ne
808 2393 861 2462 hie
890 2396 1020 2480 quidem
1045 2395 1246 2482 dubitamus,
1278 2400 1357 2485 quin

331 2501 511 2588 significata
532 2500 597 2566 sint
630 2494 759 2582 eadem,
795 2502 934 2584 quaein
957 2497 1064 2586 Magn.
1086 2499 1201 2568 Moral.
1223 2503 1254 2584 I,
1285 2523 1312 2569 ο.
1339 2506 1355 2567 1

331 2607 371 2672 de
391 2599 466 2672 idea
486 2604 653 2689 disputata
674 2611 760 2687 sunt,
782 2601 822 2671 de
845 2606 962 2690 quibus
983 2605 1239 2674 mododiximus.
1269 2607 1358 2687 Quae

329 2713 359 2778 si
381 2711 432 2777 oni
454 2711 603 2795 opinione
624 2709 772 2776 breviora
794 2730 865 2777 esso
885 2711 1049 2794 videntur,
1071 2711 1287 2797 reputandum
1308 2716 1358 2778 est

329 2815 401 2882 fieri
421 2815 575 2900 potuisse,
597 2821 634 2880 ut
644 2813 835 2882 Aristoteles
855 2817 1040 2882 memoriter
1054 2815 1181 2896 citaret,
1204 2816 1356 2882 neosatis

327 2924 395 3008 jam
415 2923 556 3002 teneret,
578 2918 709 2986 uberius
731 2925 764 2986 et
784 2915 883 2987 latins
905 2919 946 2986 de
967 2937 1006 2986 ea
1025 2938 1079 3001 re,
1111 2938 1154 2986 au
1174 2919 1302 2985 brevius
1325 2923 1358 2984 et

330 3023 497 3108 angustius
519 3022 652 3103 dixerit3
673 3023 889 3107 reputandum
912 3024 1012 3089 etiam
1033 3028 1098 3102 est,
1132 3041 1231 3106 quum
1259 3020 1359 3088 aeteri

329 3129 392 3196 loei
413 3129 613 3210 conueniant,
635 3126 833 3194 huno-unum
847 3127 1221 3212 vixexeipiendumesse.
1263 3125 1359 3210 Nam,

333 3235 389 3320 qui
408 3233 498 3300 loeus
519 3237 623 3299 restat
644 3231 687 3298 ad
708 3232 973 3299 considerandum
999 3232 1035 3298 in
1055 3233 1255 3294 Peliaca-am
1274 3229 1360 3298 libro

333 3337 389 3418 111,
412 3341 443 3417 4,
463 3341 499 3402 4:
516 3332 617 3400 Ἀλλό
638 3335 702 3421 μὴν
721 3341 777 3400 καὶ
796 3339 849 3421 τῆς
871 3334 969 3422 ἀρχῆς
990 3331 1264 3416 τούςλογομέκοος
1286 3335 1361 3418 τρό-

333 3461 415 3516 πους
436 3439 554 3527 ῥᾴδιον
585 3438 719 3503 όιολεῖκ·
754 3443 810 3502 καὶ
839 3439 902 3523 γὰρ
928 3437 965 3502 ἐκ
990 3446 1077 3512 τοῖς
1107 3435 1362 3525 ἐξωτερικοῖς

333 3543 464 3624 λόγοις
487 3540 697 3629 διοριζόμεθα
718 3546 791 3627 περὶ
813 3539 920 3606 αὐτόν
941 3538 1112 3615 πολλάκις·
1138 3539 1214 3616 κτλ,
1237 3541 1294 3608 ubi
1319 3541 1360 3608 de

333 3649 431 3715 variis
452 3648 580 3733 imperii
600 3646 705 3713 modis
726 3647 761 3712 in
783 3645 977 3730 ἐξωτερικοῖς
998 3643 1106 3724 λόγοις
1127 3663 1225 3730 saepe
1247 3641 1361 3712 ‹listin-

333 3753 388 3840 gui
409 3751 569 3837 affirmat,
601 3769 795 3838 quamquam
828 3749 951 3816 frustra
977 3747 1187 3835 quaesiveris,
1221 3769 1363 3833 quonam

334 3857 368 3924 in
389 3855 510 3924 Ethiois
531 3855 658 3942 Magnis
679 3851 864 3920 referendus
887 3853 946 3936 sit,
977 3857 1105 3919 tantum
1127 3857 1239 3917 tamen
1259 3851 1362 3934 abest,

334 3967 372 4028 ut
388 3961 622 4030 dubitationem
634 3959 733 4026 ullam
743 3978 872 4024 movere
890 3960 1002 4044 possit,
1024 3963 1062 4026 ut
1082 3953 1124 4022 ad
1141 3954 1364 4040 explicandum

335 4065 415 4133 nihil
441 4064 568 4132 facilius
593 4085 664 4130 esse
681 4061 849 4132 ,videntum
901 4063 1061 4132 Nimirum
1089 4059 1170 4130 nihil
1200 4065 1275 4126 sunt
1301 4061 1365 4128 nisi

335 4171 563 4254 fragmentum,
589 4168 698 4251 qualia
721 4165 817 4232 hodie
839 4172 983 4249 exstant,
1006 4166 1124 4234 Ethioa
1144 4164 1275 4249 Magnam
1305 4185 1362 4230 ex-
