2966 5072
810 517 851 579 70

323 674 427 757 ipsum
450 678 638 760 scriptorem
660 680 858 763 principatus
874 683 925 762 sit,
949 701 988 746 ea
1004 679 1140 762 denique
1157 699 1177 744 a
1192 675 1345 744 Cicerone

323 778 357 841 in
378 778 470 845 libris
491 781 531 848 de
552 781 686 850 Finibus
713 787 766 852 sit.
784 786 964 852 observata.
1016 785 1090 850 Jam
1122 805 1199 851 vero
1232 784 1278 864 si,
1310 783 1346 848 id

325 884 411 966 quod
433 907 472 950 ex
493 886 514 950 l.
537 909 564 951 c.
588 888 630 952 ad
649 889 746 954 Attio.
769 889 855 974 xm,
881 896 920 956 19
942 883 1095 974 apparet,
1128 890 1156 953 is
1179 907 1249 952 mos
1271 885 1344 951 Ari·

325 989 473 1056 stotelius
501 991 581 1074 ipsis
611 991 716 1058 verbis
745 995 779 1059 in
813 993 1051 1061 conscribendis
1080 991 1215 1076 dialogis
1245 991 1344 1056 fuisse

326 1089 454 1174 dicitur,
476 1100 513 1159 ut
536 1099 650 1161 auctor
672 1096 790 1181 dialogi
811 1100 881 1182 ipse
903 1103 1012 1182 partes
1035 1095 1185 1180 colloquii
1202 1115 1344 1160 summas

323 1192 459 1278 habeat,
489 1197 550 1264 hoc
572 1204 636 1280 est,
669 1200 739 1282 ipse
760 1201 895 1286 loquens
918 1208 951 1267 ct
973 1223 1012 1266 ex
1038 1221 1097 1265 sua
1118 1218 1259 1282 persona
1281 1197 1344 1262 dis·

324 1306 443 1382 putans
465 1301 650 1384 inducatur,
678 1309 710 1368 et
733 1309 913 1370 ceterorum
936 1305 1112 1371 sententias
1135 1303 1342 1386 redarguens,

325 1399 438 1469 cladem
460 1405 621 1472 sententia
643 1409 711 1474 sine
733 1409 832 1475 dubio
844 1409 1049 1476 Aristotclius
1067 1431 1136 1474 mos
1158 1429 1223 1474 non
1237 1411 1346 1491 potest

326 1509 437 1592 accipi,
461 1510 544 1576 siin
566 1511 700 1596 dialogis
724 1515 850 1579 omnino
873 1536 914 1579 ne
934 1515 1069 1598 loquens
1092 1511 1221 1596 quidem
1242 1511 1344 1593 ipsius

325 1614 466 1679 auctoris
488 1635 627 1699 persona
648 1617 826 1699 inducitur,
856 1618 1031 1702 planeque,
1064 1622 1101 1681 ut
1130 1617 1164 1681 in
1189 1614 1282 1681 libris
1305 1614 1346 1680 de

326 1714 477 1799 Oratore,
510 1719 622 1804 κωφὸν
644 1723 819 1807 πρόσωπον
840 1728 899 1788 est.
927 1723 1007 1786 Ὀσα
1029 1722 1091 1807 γὰρ
1115 1721 1245 1805 θατέρῳ
1269 1733 1344 1800 σαμ-

324 1821 450 1905 βέβηκε,
474 1827 529 1885 καὶ
549 1825 679 1910 θατέρῳ
701 1824 753 1888 δεῖ
773 1827 1020 1911 συμβεβηκέναι,
1054 1828 1109 1886 καὶ
1130 1821 1176 1898 οἷς
1201 1821 1345 1908 θάτερον

326 1921 433 1988 αὐτῶν
461 1929 650 2013 συμβέβηκε,
686 1931 741 1991 καὶ
763 1932 905 2015 θάτερον
935 1929 986 1992 δεῖ
1014 1932 1255 2016 συμβεβηκέναι.
1304 1927 1346 1991 Et

326 2025 411 2090 δέτι
433 2028 551 2092 τούτων
569 2030 738 2115 διαφωνεῖ,
760 2032 861 2118 δῆλον
882 2031 929 2096 ὅτι
951 2031 991 2096 orl
1012 2036 1112 2106 ταῦτα
1125 2033 1194 2119 ¹⁶¹).
1238 2033 1345 2112 Quare

327 2132 453 2197 omnino
476 2132 518 2197 ad
540 2133 637 2199 istam
658 2135 800 2201 locorum
817 2137 954 2202 duorum
965 2136 1223 2221 repugnantiam,
1247 2157 1346 2220 quam

322 2237 389 2320 jam
404 2235 668 2319 wyttenbachius
691 2237 753 2305 sibi
769 2240 855 2305 visus
872 2245 922 2304 est
941 2241 1214 2322 animadvertisse,
1238 2241 1345 2306 redire

326 2340 478 2423 cogimur.
521 2340 635 2424 Itaque
656 2362 722 2407 non
742 2342 860 2408 mirum
882 2349 932 2409 est
953 2343 1034 2410 alios
1062 2345 1142 2410 alias
1172 2345 1267 2410 istius
1294 2364 1346 2409 su·

324 2444 486 2527 parandae
508 2444 706 2512 difficultatis
727 2447 870 2514 rationes
900 2469 938 2514 ac
964 2449 1033 2515 vias
1059 2450 1220 2534 ingressos
1243 2468 1323 2513 esse.

391 2551 461 2614 Otr.
485 2553 519 2614 G.
542 2553 722 2634 Isocaipc'cs,
752 2551 808 2635 qui
829 2551 869 2617 de
892 2552 1005 2618 eadem
1026 2573 1064 2617 re
1085 2555 1150 2638 egit
1170 2554 1204 2618 in
1230 2551 1347 2617 disser-

323 2653 463 2736 tatione,
493 2673 577 2739 quae
598 2655 799 2722 inscribitur:
827 2678 922 2740 snper
952 2661 1112 2722 &ceronio
1144 2661 1182 2721 de
1214 2657 1348 2720 Oratore

325 2759 414 2823 libris
429 2757 502 2842 ¹⁶²),
525 2760 678 2826 iainter
700 2780 734 2826 se
757 2760 886 2827 differre
908 2759 989 2827 duos
1011 2763 1092 2827 istos
1114 2760 1201 2826 locos
1224 2761 1345 2839 censet,

323 2867 360 2926 ut
382 2860 465 2928 alter
485 2861 555 2945 ille,
586 2865 641 2947 qui
663 2863 697 2929 in
718 2863 866 2948 Epistola
894 2863 937 2930 ad
957 2865 1047 2941 Fam.
1070 2863 1100 2944 I,
1134 2867 1170 2943 9,
1195 2865 1236 2925 23
1259 2882 1345 2927 com-

323 2971 530 3047 memoretur,
554 2969 597 3031 cd
616 2971 793 3032 interiorem
815 2987 919 3031 rerum
934 2971 1082 3048 ipsorum,
1106 2986 1186 3049 quoe
1207 2968 1345 3028 trodon-

325 3078 387 3152 αα,
408 3074 543 3136 indolem
565 3071 608 3136 sit
629 3070 830 3152 referendus,
871 3068 912 3136 de
943 3069 1045 3136 altero
1075 3067 1118 3134 ad
1138 3068 1235 3133 Attio.
1259 3056 1346 3150 XIII,

328 3175 377 3257 19,
403 3177 433 3256 4,
454 3174 507 3240 vix
529 3173 671 3241 dubitari
692 3195 788 3259 posse
809 3178 914 3258 putat,
938 3173 1016 3257 quin
1032 3183 1195 3237 cateruam
1211 3175 1349 3238 manime

326 3279 499 3344 deserendi
519 3281 652 3360 sormam
678 3289 709 3343 et
733 3282 887 3344 orationis
913 3280 1010 3344 celati
1044 3276 1181 3339 tabitam
1211 3274 1350 3342 voluerit

325 3380 462 3467 intelligi
483 3382 595 3450 Cicero
618 3382 753 3450 similem
776 3381 821 3464 ei,
854 3403 918 3466 quo
940 3375 1141 3446 Aristoteles
1161 3378 1196 3443 in
1225 3380 1349 3446 confor-

326 3488 452 3554 mandis
474 3487 610 3573 dialogis
633 3492 666 3554 et
688 3489 755 3553 suis
774 3488 889 3570 cuique
908 3486 1046 3566 illorum,
1070 3503 1151 3567 quos
1166 3481 1349 3567 colloquen-

324 3595 375 3659 tes
396 3591 540 3673 fecisset,
564 3591 711 3675 partibus
734 3590 914 3656 tribuendis
937 3589 1050 3654 fuisset
1072 3609 1161 3653 usus.
1205 3587 1248 3652 Et
1271 3609 1348 3655 sane

326 3695 424 3780 digna
454 3700 504 3761 est
536 3695 599 3760 viri
628 3695 715 3760 acuti
744 3693 922 3775 sententia,
963 3711 1047 3776 quae
1077 3691 1243 3772 audiatur,
1278 3692 1350 3773 etsi,

326 3801 434 3868 nescio
457 3798 625 3883 quomodo,
663 3796 748 3882 quod
773 3797 892 3863 attinet
913 3796 955 3863 ad
978 3799 1119 3881 priorem
1133 3795 1350 3877 illumlocum,

326 3905 432 3971 minus
454 3901 534 3968 mihi
555 3901 677 3967 arridet
696 3900 791 3967 istius
821 3899 883 3966 loci
913 3901 1122 3985 explicandae
1152 3899 1351 3966 difficultatis

401 4125 461 4199 161)
483 4129 582 4181 Aristot.
606 4127 663 4196 Tcp.
682 4125 729 4186 Vll,
752 4126 775 4187 l,
795 4126 818 4175 l.
1009 4124 1074 4192 162)
1093 4128 1118 4176 ln
1137 4125 1253 4189 opusculis
1270 4125 1352 4186 latinis,

327 4221 392 4273 editis
411 4223 439 4271 ab
459 4219 555 4281 Oertel‚
576 4215 689 4269 Micencc
709 4215 778 4267 1834
797 4230 820 4278 p.
841 4214 893 4265 376
914 4231 949 4279 sq.
