2870 5076
532 427 744 494 ..69-

76 598 165 694 iderti
196 597 218 694 ἦ
249 601 415 692 ἐνέργεια,
449 591 742 692 expergefieri,
777 601 1002 690 percipere,
1036 601 1214 687 cogitare

74 713 388 782 iucundissimum
429 723 504 796 est,
542 735 632 800 spes
670 723 796 779 autem
834 722 872 778 et
907 711 1213 779 recordationes

73 835 218 916 propter
239 825 336 892 haec
358 827 425 892 scil.
447 823 696 890 iucundissimae
719 835 810 905 sunt,
833 823 865 890 h.
883 845 910 888 e.
933 833 1105 912 propterea
1128 821 1214 909 quod

73 935 109 1000 ad
130 957 222 1002 anem
251 958 293 1002 ex
319 934 381 1001 illis
409 935 588 1002 actionibus
623 943 780 1022 spectant.
826 935 896 1000 Iam
930 935 969 1001 ad
997 956 1154 1000 summam
1182 942 1214 998 et

71 1045 364 1134 praestantissimam
378 1047 493 1112 mentis
509 1045 667 1112 humanae
680 1046 837 1111 actionem
851 1043 1096 1112 describendam
1108 1055 1214 1111 trans-

71 1155 100 1220 it
129 1155 264 1222 Dixerat
285 1157 369 1223 enim
392 1155 517 1245 primae
539 1154 738 1222 substantiae
759 1155 858 1220 vitam
882 1180 952 1222 esse
977 1155 1086 1236 talem,
1110 1156 1213 1245 qualis

70 1266 149 1332 nobis
176 1289 416 1354 nonnumquam
446 1268 627 1356 perbreve
659 1266 812 1352 temporis
836 1266 975 1354 spatium
1004 1271 1214 1353 contingeret.

71 1379 171 1469 ltaque
197 1380 262 1446 iam
291 1376 518 1444 declarandum
543 1387 607 1460 est,
636 1398 721 1465 qnae
749 1387 859 1442 nostra
881 1377 923 1443 sit
943 1378 1010 1442 vita
1032 1378 1153 1463 optima
1176 1398 1214 1440 ac

69 1489 341 1576 praestantissima.
387 1487 612 1553 Beatissimam
642 1498 749 1553 autem
777 1487 958 1553 hominibus
981 1487 1079 1552 vitam
1102 1509 1216 1574 suppe-

69 1599 137 1666 ditat
164 1623 290 1666 summa
318 1599 436 1665 mentis
470 1599 563 1664 actio.
619 1597 820 1684 Cogitatio
855 1621 945 1662 vero
978 1620 1048 1685 per
1082 1620 1121 1662 se
1154 1606 1216 1662 est

68 1709 140 1775 eins
179 1711 282 1799 quod
315 1734 384 1799 per
418 1731 457 1774 se
491 1707 674 1795 optimum
709 1717 771 1772 est
809 1718 847 1772 et
884 1731 1032 1774 summa
1066 1707 1212 1772 summi.

67 1819 141 1887 Nam
163 1821 303 1908 dignitas
325 1818 530 1908 cogitationis
552 1818 671 1905 pendet
694 1841 735 1882 ex
752 1839 789 1882 eo
806 1818 891 1906 quod
915 1820 1086 1906 cogitatur,
1110 1816 1149 1882 cf.
1165 1824 1214 1898 A,

66 1930 91 1994 9.
114 1931 191 1998 1074
207 1931 227 1994 b
243 1932 383 2018 29seqq.
430 1927 566 1996 Summa
587 1949 665 1992 vero
692 1938 742 1991 cst
765 1927 915 2014 cogitatio
939 1939 971 1994 et
993 1929 1130 2016 optima,
1157 1927 1214 1994 ubi

68 2053 158 2108 semet
177 2043 281 2130 ipsum
305 2040 488 2106 intellectus
512 2037 643 2126 cogitat.
690 2039 825 2114 Semet
851 2039 977 2126 ipsum
1006 2051 1136 2106 autem
1158 2041 1215 2106 in·

66 2151 250 2218 tellectns
274 2151 442 2238 cogitat,
465 2175 549 2218 cum
572 2149 792 2239 participet
814 2147 1098 2237 intellegibile.
1143 2151 1214 2217 Hoc

68 2261 135 2348 qnid
162 2261 222 2328 sibi
250 2261 327 2326 velit
360 2261 515 2350 proximis
546 2259 735 2326 brevissime
768 2261 949 2348 exponitur.
997 2260 1213 2348 Intellegi-

8 2433 9 2442 ,
67 2370 154 2436 bilis
175 2372 276 2438 enim
300 2371 471 2436 exsistit
493 2370 833 2459 comprehendens
854 2382 891 2436 et
912 2371 1120 2460 cogitans,
1143 2373 1210 2438 scil.

8 2455 9 2520 l
67 2479 293 2568 intellegibilis,
326 2483 357 2546 h.
375 2505 402 2546 e.
426 2485 574 2548 notiones
602 2481 669 2546 sivo
699 2484 818 2546 formas
841 2504 860 2545 a
882 2485 1019 2547 materia
1042 2482 1211 2550 seiunctas.

9 2593 10 2600 '
67 2587 239 2680 θιγγάνων,
271 2593 311 2657 cf.
337 2595 382 2674 Θ,
406 2593 454 2658 10.
482 2592 559 2656 1051
578 2591 598 2654 b
615 2593 673 2670 24,
698 2593 751 2658 ubi
776 2591 892 2656 dicitur
914 2592 954 2657 de
978 2592 1211 2679 cognoscendis

65 2703 239 2770 substantiis
255 2702 463 2789 simplicibus.
494 2699 613 2787 [Aliter
628 2701 777 2767 Brendis.
795 2700 840 2782 11,
858 2705 888 2767 2.
909 2707 934 2782 l,
950 2705 1029 2768 bii:
1056 2705 1113 2782 „In
1137 2704 1212 2768 thn-

64 2811 153 2880 licher
168 2813 279 2880 Weise
302 2812 380 2878 wird
403 2834 479 2877 vom
502 2809 680 2895 gbttlichen
705 2811 819 2902 Geiste
842 2823 966 2900 gesagt,
991 2811 1063 2877 dass
1086 2837 1122 2878 er
1143 2813 1209 2878 sich

65 2921 234 2991 bertthrend
259 2923 325 2989 sich
348 2923 455 2988 selber
478 2921 615 2986 denke.“
648 2923 752 3004 Quam
777 2923 1074 3011 interpretationem
1096 2923 1212 3011 probat

66 3029 251 3120 Schwegler.
274 3033 416 3120 Metaph.
440 3033 501 3115 IV,
526 3057 558 3121 p.
571 3035 644 3104 266.
680 3034 782 3102 Nobis
798 3045 906 3100 antem
922 3057 961 3098 ea
982 3033 1210 3122 psychologiae

10 3167 11 3240 p
66 3145 266 3212 Aristoteleae
281 3141 446 3210 adversari
462 3141 614 3234 videsue]
637 3145 697 3211 ita
720 3156 762 3210 ut
784 3146 888 3210 idem
912 3143 964 3208 sit
979 3143 1208 3210 intellectus

66 3263 97 3318 et
130 3254 424 3342 intellegibile.
471 3255 492 3319 b
518 3257 576 3319 21:
614 3251 699 3322 ὥστε
730 3249 852 3322 ταύτὸν
883 3257 960 3332 νοῦς
991 3252 1048 3321 καὶ
1080 3249 1208 3339 νοητόν.

64 3359 133 3430 llos:
157 3365 221 3452 „sie
245 3365 341 3430 fallen
366 3365 585 3432 zusammen.“
630 3366 727 3433 Nam
749 3363 788 3430 id
813 3364 916 3454 quod
939 3365 1122 3453 recipere
1144 3390 1210 3454 po·

11 3533 12 3558 .
64 3479 132 3542 test
151 3474 430 3562 intellegibile
453 3487 573 3565 atque
596 3476 859 3542 substantiam
883 3486 942 3540 est
963 3476 1206 3543 intellectus.

11 3617 12 3662 3
65 3578 146 3652 b22:
175 3587 240 3653 cosi
263 3587 383 3672 νοητοῦ
405 3586 542 3674 καὶτῆς
565 3581 692 3664 οὐσίας.
721 3581 779 3652 καί
805 3586 962 3674 particula
984 3585 1037 3652 hic
1059 3584 1209 3675 quemad·

65 3693 178 3762 nodum
208 3695 396 3783 saepissime
422 3695 508 3784 apud
540 3695 743 3762 Aristotelem
775 3697 895 3763 notioni
926 3697 1069 3782 generali
1103 3695 1207 3778 aliam,

68 3821 136 3886 quae
158 3827 227 3871 rem
251 3805 432 3871 accuratius
456 3805 624 3894 significet,
649 3806 804 3894 adiungit,
828 3808 867 3872 cf.
885 3807 1004 3872 Waitz.
1021 3806 1145 3892 Organ.
1162 3805 1207 3887 ΙΙ,

66 3913 219 4004 p·39'lsq.
266 3915 393 3982 Bonita.
418 3915 496 3981 Met.
521 3927 692 3983 comment.
719 3917 834 4004 pale.
878 3915 1091 4002 intellegibile
1121 3915 1205 3980 enim

66 4025 139 4106 quod
167 4025 352 4094 intellectus
379 4025 493 4112 recipit
523 4049 630 4094 rerum
660 4028 764 4093 forma
793 4027 946 4093 materiae
968 4026 1117 4092 immunis
1139 4025 1208 4091 sive

66 4133 229 4204 substantia
251 4146 310 4201 est.
356 4138 454 4202 Actu
479 4147 610 4204 autem
634 4149 707 4220 est,
737 4137 806 4203 ubi
829 4137 965 4218 habet,
996 4135 1065 4200 scil.
1088 4135 1210 4202 intelle·

66 4241 164 4332 gibile,
193 4247 270 4314 h.e.
303 4247 357 4314 ubi
385 4247 508 4314 formae
539 4273 574 4316 re
601 4253 633 4316 in
663 4250 827 4316 intellectu
851 4248 969 4314 insunt.
1015 4245 1211 4314 Tamesim

67 4371 151 4440 opere
180 4383 239 4426 suo
267 4358 411 4444 iungitur
442 4369 474 4424 et
502 4370 574 4425 actu
606 4372 669 4442 ost,
697 4361 748 4426 vel
780 4371 814 4426 ut
844 4361 1024 4424 accuratius
1048 4358 1211 4424 dicamus:

68 4469 126 4532 lum
151 4471 284 4558 dempsi.
328 4468 413 4538 Nam
444 4470 592 4556 proprius
621 4471 802 4544 intellectus
829 4479 917 4536 actua
946 4481 1001 4546 est,
1022 4467 1213 4560 speculatio,
