<?xml version="1.0" encoding="UTF-8"?>
<!DOCTYPE html PUBLIC "-//W3C//DTD XHTML 1.0 Transitional//EN"
    "http://www.w3.org/TR/xhtml1/DTD/xhtml1-transitional.dtd">
<html xmlns="http://www.w3.org/1999/xhtml" xml:lang="en" lang="en">
 <head>
  <title>
</title>
<meta http-equiv="Content-Type" content="text/html;charset=utf-8" />
  <meta name='ocr-system' content='tesseract 3.04.00' />
  <meta name='ocr-capabilities' content='ocr_page ocr_carea ocr_par ocr_line ocrx_word'/>
</head>
<body>
  <div class='ocr_page' id='page_1' title='image "./dearistotelisez00thomgoog_0363.png"; bbox 0 0 2992 5116; ppageno 0'>
   <div class='ocr_carea' id='block_1_1' title="bbox 763 435 823 547">
    <p class='ocr_par' dir='ltr' id='par_1_1' title="bbox 763 435 823 547">
     <span class='ocr_line' id='line_1_1' title="bbox 763 435 823 547; baseline 0 -40"><span class='ocrx_word' id='word_1_1' title='bbox 763 535 765 547; x_wconf 37' lang='grc' dir='ltr'>Ι</span> <span class='ocrx_word' id='word_1_2' title='bbox 779 435 823 507; x_wconf 86' lang='grc'><strong>64</strong></span> 
     </span>
    </p>
   </div>
   <div class='ocr_carea' id='block_1_2' title="bbox 168 629 1436 1224">
    <p class='ocr_par' dir='ltr' id='par_1_2' title="bbox 168 629 1436 1224">
     <span class='ocr_line' id='line_1_2' title="bbox 228 629 1436 714; baseline 0.001 -22"><span class='ocrx_word' id='word_1_3' title='bbox 228 629 411 692; x_wconf 84' lang='lat' dir='ltr'><strong>marchand</strong></span> <span class='ocrx_word' id='word_1_4' title='bbox 447 651 536 694; x_wconf 81' lang='lat' dir='ltr'><strong>ausus</strong></span> <span class='ocrx_word' id='word_1_5' title='bbox 573 634 637 694; x_wconf 91' lang='lat' dir='ltr'><strong>sim.</strong></span> <span class='ocrx_word' id='word_1_6' title='bbox 681 633 716 693; x_wconf 90' lang='lat' dir='ltr'><strong>ln</strong></span> <span class='ocrx_word' id='word_1_7' title='bbox 751 633 866 694; x_wconf 77' lang='lat' dir='ltr'><strong>ldtbicis</strong></span> <span class='ocrx_word' id='word_1_8' title='bbox 901 632 1057 694; x_wconf 77' lang='lat' dir='ltr'><strong>Eudemiis</strong></span> <span class='ocrx_word' id='word_1_9' title='bbox 1090 631 1220 714; x_wconf 84' lang='lat' dir='ltr'><strong>quidem,</strong></span> <span class='ocrx_word' id='word_1_10' title='bbox 1256 640 1289 692; x_wconf 90' lang='lat' dir='ltr'><strong>ut</strong></span> <span class='ocrx_word' id='word_1_11' title='bbox 1325 631 1366 693; x_wconf 87' lang='lat' dir='ltr'><strong>de</strong></span> <span class='ocrx_word' id='word_1_12' title='bbox 1433 666 1436 670; x_wconf 95' lang='lat'>·</span> 
     </span>
     <span class='ocr_line' id='line_1_3' title="bbox 229 733 1364 812; baseline 0.002 -19"><span class='ocrx_word' id='word_1_13' title='bbox 229 737 267 795; x_wconf 88' lang='lat' dir='ltr'><strong>iis</strong></span> <span class='ocrx_word' id='word_1_14' title='bbox 300 743 413 794; x_wconf 85' lang='lat' dir='ltr'><strong>tantum</strong></span> <span class='ocrx_word' id='word_1_15' title='bbox 445 735 551 811; x_wconf 79' lang='lat' dir='ltr'><strong>dicam,</strong></span> <span class='ocrx_word' id='word_1_16' title='bbox 584 733 610 792; x_wconf 85' lang='grc' dir='ltr'><strong>εί</strong></span> <span class='ocrx_word' id='word_1_17' title='bbox 643 754 710 794; x_wconf 88' lang='lat' dir='ltr'><strong>cum</strong></span> <span class='ocrx_word' id='word_1_18' title='bbox 743 735 929 812; x_wconf 88' lang='lat' dir='ltr'><strong>conjunctivo</strong></span> <span class='ocrx_word' id='word_1_19' title='bbox 952 735 999 795; x_wconf 90' lang='lat' dir='ltr'><strong>his</strong></span> <span class='ocrx_word' id='word_1_20' title='bbox 1033 735 1106 795; x_wconf 89' lang='lat' dir='ltr'><strong>locis</strong></span> <span class='ocrx_word' id='word_1_21' title='bbox 1129 734 1364 796; x_wconf 70' lang='lat' dir='ltr'><strong>codicibns&#39;tre-</strong></span> 
     </span>
     <span class='ocr_line' id='line_1_4' title="bbox 225 817 1364 917; baseline -0.003 -21"><span class='ocrx_word' id='word_1_22' title='bbox 225 817 326 897; x_wconf 83' lang='lat' dir='ltr'><strong>ditur:</strong></span> <span class='ocrx_word' id='word_1_23' title='bbox 349 834 454 900; x_wconf 61' lang='lat'>12292·</span> <span class='ocrx_word' id='word_1_24' title='bbox 467 837 495 900; x_wconf 88' lang='lat' dir='ltr'><strong>b.</strong></span> <span class='ocrx_word' id='word_1_25' title='bbox 520 837 577 901; x_wconf 86' lang='lat'><strong>40:</strong></span> <span class='ocrx_word' id='word_1_26' title='bbox 607 832 654 894; x_wconf 78' lang='lat' dir='ltr'><strong>dei</strong></span> <span class='ocrx_word' id='word_1_27' title='bbox 674 830 746 915; x_wconf 80' lang='grc' dir='ltr'><strong>γάρ,</strong></span> <span class='ocrx_word' id='word_1_28' title='bbox 774 835 799 894; x_wconf 84' lang='grc' dir='ltr'><strong>εί</strong></span> <span class='ocrx_word' id='word_1_29' title='bbox 821 828 838 916; x_wconf 77' lang='grc' dir='ltr'>ᾖ</span> <span class='ocrx_word' id='word_1_30' title='bbox 861 826 1039 917; x_wconf 58' lang='grc' dir='ltr'><strong><em>ἄνθρωπος,</em></strong></span> <span class='ocrx_word' id='word_1_31' title='bbox 1072 831 1225 916; x_wconf 76' lang='grc' dir='ltr'><strong><em>λογισμὸν</em></strong></span> <span class='ocrx_word' id='word_1_32' title='bbox 1247 834 1364 896; x_wconf 78' lang='grc' dir='ltr'><strong><em>ἐνεῖναι</em></strong></span> 
     </span>
     <span class='ocr_line' id='line_1_5' title="bbox 230 929 1362 1026; baseline 0 -30"><span class='ocrx_word' id='word_1_33' title='bbox 230 936 284 1012; x_wconf 74' lang='grc' dir='ltr'><strong>καὶ</strong></span> <span class='ocrx_word' id='word_1_34' title='bbox 306 930 405 1019; x_wconf 69' lang='grc' dir='ltr'><strong><em>ἀρχὴν</em></strong></span> <span class='ocrx_word' id='word_1_35' title='bbox 428 936 482 996; x_wconf 83' lang='grc' dir='ltr'><strong>καὶ</strong></span> <span class='ocrx_word' id='word_1_36' title='bbox 505 929 627 1020; x_wconf 78' lang='grc' dir='ltr'><strong><em>πρᾶξιν.</em></strong></span> <span class='ocrx_word' id='word_1_37' title='bbox 674 937 766 1003; x_wconf 91' lang='grc'><strong>1224.</strong></span> <span class='ocrx_word' id='word_1_38' title='bbox 792 940 820 1002; x_wconf 90' lang='grc'><strong>1).</strong></span> <span class='ocrx_word' id='word_1_39' title='bbox 845 939 880 1003; x_wconf 85' lang='lat'><strong>6:</strong></span> <span class='ocrx_word' id='word_1_40' title='bbox 905 934 942 995; x_wconf 79' lang='grc' dir='ltr'><strong>οὐ</strong></span> <span class='ocrx_word' id='word_1_41' title='bbox 965 932 1024 1018; x_wconf 76' lang='grc' dir='ltr'><strong>μὴν</strong></span> <span class='ocrx_word' id='word_1_42' title='bbox 1047 929 1119 1026; x_wconf 75' lang='grc' dir='ltr'><strong>άλλ’</strong></span> <span class='ocrx_word' id='word_1_43' title='bbox 1142 931 1237 1009; x_wconf 82' lang='grc' dir='ltr'><strong><em>ε’ίτις</em></strong></span> <span class='ocrx_word' id='word_1_44' title='bbox 1256 957 1362 1017; x_wconf 82' lang='grc' dir='ltr'><strong><em>προσ-</em></strong></span> 
     </span>
     <span class='ocr_line' id='line_1_6' title="bbox 168 1024 1362 1122; baseline 0.003 -27"><span class='ocrx_word' id='word_1_45' title='bbox 168 1086 172 1094; x_wconf 93' lang='grc'><strong>.</strong></span> <span class='ocrx_word' id='word_1_46' title='bbox 229 1041 273 1120; x_wconf 61' lang='grc' dir='ltr'><strong>θῇ</strong></span> <span class='ocrx_word' id='word_1_47' title='bbox 290 1033 331 1097; x_wconf 82' lang='grc' dir='ltr'><strong>τὸ</strong></span> <span class='ocrx_word' id='word_1_48' title='bbox 354 1037 386 1098; x_wconf 77' lang='grc' dir='ltr'><strong>ἐν</strong></span> <span class='ocrx_word' id='word_1_49' title='bbox 414 1046 460 1120; x_wconf 82' lang='grc' dir='ltr'><strong>τῷ</strong></span> <span class='ocrx_word' id='word_1_50' title='bbox 483 1036 631 1122; x_wconf 81' lang='grc' dir='ltr'><strong><em>διορισμῷ</em></strong></span> <span class='ocrx_word' id='word_1_51' title='bbox 660 1038 878 1122; x_wconf 80' lang='grc' dir='ltr'><strong><em>προςκείμενον</em></strong></span> <span class='ocrx_word' id='word_1_52' title='bbox 904 1033 1003 1112; x_wconf 76' lang='grc' dir='ltr'><strong>νείκεϊ,</strong></span> <span class='ocrx_word' id='word_1_53' title='bbox 1033 1034 1145 1100; x_wconf 75' lang='grc' dir='ltr'><strong><em>λύεται</em></strong></span> <span class='ocrx_word' id='word_1_54' title='bbox 1173 1035 1213 1098; x_wconf 80' lang='grc' dir='ltr'><strong>τὸ</strong></span> <span class='ocrx_word' id='word_1_55' title='bbox 1235 1024 1362 1119; x_wconf 60' lang='grc' dir='ltr'><strong>ίεχθέν.</strong></span> 
     </span>
     <span class='ocr_line' id='line_1_7' title="bbox 232 1133 1362 1224; baseline -0.006 -19"><span class='ocrx_word' id='word_1_56' title='bbox 232 1140 323 1206; x_wconf 86' lang='grc'><strong>1225.</strong></span> <span class='ocrx_word' id='word_1_57' title='bbox 348 1163 375 1206; x_wconf 80' lang='grc' dir='ltr'><strong>ε.</strong></span> <span class='ocrx_word' id='word_1_58' title='bbox 401 1140 463 1204; x_wconf 88' lang='lat'><strong>14:</strong></span> <span class='ocrx_word' id='word_1_59' title='bbox 485 1141 511 1201; x_wconf 80' lang='grc' dir='ltr'><strong>εί</strong></span> <span class='ocrx_word' id='word_1_60' title='bbox 529 1135 590 1224; x_wconf 77' lang='grc' dir='ltr'><strong>γάρ</strong></span> <span class='ocrx_word' id='word_1_61' title='bbox 610 1138 667 1202; x_wconf 77' lang='grc' dir='ltr'><strong>ἵνα</strong></span> <span class='ocrx_word' id='word_1_62' title='bbox 688 1137 728 1223; x_wconf 77' lang='grc' dir='ltr'><strong>μὴ</strong></span> <span class='ocrx_word' id='word_1_63' title='bbox 748 1136 831 1222; x_wconf 75' lang='grc' dir='ltr'><strong>λάβῃ</strong></span> <span class='ocrx_word' id='word_1_64' title='bbox 851 1133 1009 1224; x_wconf 66' lang='grc' dir='ltr'><strong><em>ψηλαφῶν</em></strong></span> <span class='ocrx_word' id='word_1_65' title='bbox 1030 1135 1213 1224; x_wconf 73' lang='grc' dir='ltr'><strong><em>ἀποκτάνῃ,</em></strong></span> <span class='ocrx_word' id='word_1_66' title='bbox 1236 1141 1362 1220; x_wconf 73' lang='grc' dir='ltr'><strong><em>γελοῖος</em></strong></span> 
     </span>
    </p>
   </div>
   <div class='ocr_carea' id='block_1_3' title="bbox 126 1233 1364 1326">
    <p class='ocr_par' dir='ltr' id='par_1_3' title="bbox 126 1233 1364 1326">
     <span class='ocr_line' id='line_1_8' title="bbox 126 1233 1364 1326; baseline 0.002 -24"><span class='ocrx_word' id='word_1_67' title='bbox 126 1261 130 1268; x_wconf 90' lang='grc'><strong>’</strong></span> <span class='ocrx_word' id='word_1_68' title='bbox 196 1315 199 1320; x_wconf 28' lang='grc' dir='ltr'>Ι</span> <span class='ocrx_word' id='word_1_69' title='bbox 229 1234 271 1304; x_wconf 78' lang='lat' dir='ltr'><strong>clv</strong></span> <span class='ocrx_word' id='word_1_70' title='bbox 291 1239 347 1314; x_wconf 63' lang='grc' dir='ltr'><strong>εἴη.</strong></span> <span class='ocrx_word' id='word_1_71' title='bbox 365 1243 392 1302; x_wconf 87' lang='grc' dir='ltr'><strong>εί</strong></span> <span class='ocrx_word' id='word_1_72' title='bbox 424 1239 510 1324; x_wconf 67' lang='grc' dir='ltr'><strong><em>λέγοι</em></strong></span> <span class='ocrx_word' id='word_1_73' title='bbox 544 1233 596 1303; x_wconf 84' lang='grc' dir='ltr'><strong>ὅτι</strong></span> <span class='ocrx_word' id='word_1_74' title='bbox 621 1242 675 1324; x_wconf 84' lang='grc' dir='ltr'><strong>βίᾳ</strong></span> <span class='ocrx_word' id='word_1_75' title='bbox 707 1242 761 1302; x_wconf 82' lang='grc' dir='ltr'><strong>καὶ</strong></span> <span class='ocrx_word' id='word_1_76' title='bbox 790 1237 1052 1326; x_wconf 77' lang='grc' dir='ltr'><strong><em>ἀναγκαζόμενος.</em></strong></span> <span class='ocrx_word' id='word_1_77' title='bbox 1098 1246 1158 1307; x_wconf 85' lang='lat' dir='ltr'><strong>Sed</strong></span> <span class='ocrx_word' id='word_1_78' title='bbox 1180 1245 1364 1306; x_wconf 87' lang='lat' dir='ltr'><strong>dissentiunt</strong></span> 
     </span>
    </p>
   </div>
   <div class='ocr_carea' id='block_1_4' title="bbox 166 1337 1450 1530">
    <p class='ocr_par' dir='ltr' id='par_1_4' title="bbox 166 1337 1450 1530">
     <span class='ocr_line' id='line_1_9' title="bbox 200 1337 1361 1427; baseline 0 -21"><span class='ocrx_word' id='word_1_79' title='bbox 200 1361 205 1366; x_wconf 89' lang='grc'><em>·</em></span> <span class='ocrx_word' id='word_1_80' title='bbox 229 1347 366 1407; x_wconf 83' lang='lat' dir='ltr'><strong>homines</strong></span> <span class='ocrx_word' id='word_1_81' title='bbox 399 1346 487 1420; x_wconf 89' lang='lat' dir='ltr'><strong>docti,</strong></span> <span class='ocrx_word' id='word_1_82' title='bbox 520 1337 592 1427; x_wconf 84' lang='lat' dir='ltr'><strong>quid</strong></span> <span class='ocrx_word' id='word_1_83' title='bbox 629 1347 667 1408; x_wconf 91' lang='lat' dir='ltr'><strong>de</strong></span> <span class='ocrx_word' id='word_1_84' title='bbox 697 1348 734 1407; x_wconf 89' lang='lat' dir='ltr'><strong>iis</strong></span> <span class='ocrx_word' id='word_1_85' title='bbox 767 1348 840 1408; x_wconf 90' lang='lat' dir='ltr'><strong>locis</strong></span> <span class='ocrx_word' id='word_1_86' title='bbox 869 1347 1059 1408; x_wconf 82' lang='lat' dir='ltr'><strong>statuendum</strong></span> <span class='ocrx_word' id='word_1_87' title='bbox 1082 1349 1129 1412; x_wconf 89' lang='lat' dir='ltr'><strong>sit.</strong></span> <span class='ocrx_word' id='word_1_88' title='bbox 1172 1344 1361 1407; x_wconf 74' lang='lat' dir='ltr'><strong>Fritzschins</strong></span> 
     </span>
     <span class='ocr_line' id='line_1_10' title="bbox 166 1444 1450 1530; baseline 0.004 -26"><span class='ocrx_word' id='word_1_89' title='bbox 166 1444 186 1504; x_wconf 64' lang='lat' dir='ltr'>s</span> <span class='ocrx_word' id='word_1_90' title='bbox 228 1451 316 1524; x_wconf 89' lang='lat' dir='ltr'><strong>enim,</strong></span> <span class='ocrx_word' id='word_1_91' title='bbox 342 1450 379 1513; x_wconf 80' lang='lat' dir='ltr'><strong>cf.</strong></span> <span class='ocrx_word' id='word_1_92' title='bbox 403 1449 530 1529; x_wconf 84' lang='lat' dir='ltr'><strong>epistole</strong></span> <span class='ocrx_word' id='word_1_93' title='bbox 552 1451 654 1510; x_wconf 85' lang='lat' dir='ltr'><strong>critice</strong></span> <span class='ocrx_word' id='word_1_94' title='bbox 675 1450 714 1510; x_wconf 90' lang='lat' dir='ltr'><strong>de</strong></span> <span class='ocrx_word' id='word_1_95' title='bbox 737 1449 809 1510; x_wconf 91' lang='lat' dir='ltr'><strong>locis</strong></span> <span class='ocrx_word' id='word_1_96' title='bbox 838 1449 1014 1530; x_wconf 81' lang='lat' dir='ltr'><strong>quibusdem</strong></span> <span class='ocrx_word' id='word_1_97' title='bbox 1036 1451 1267 1513; x_wconf 83' lang='lat' dir='ltr'><strong>Eudemeornm.</strong></span> <span class='ocrx_word' id='word_1_98' title='bbox 1284 1469 1359 1530; x_wconf 77' lang='lat' dir='ltr'><strong>pag.</strong></span> <span class='ocrx_word' id='word_1_99' title='bbox 1403 1467 1409 1474; x_wconf 82' lang='lat'><strong>‘</strong></span> <span class='ocrx_word' id='word_1_100' title='bbox 1445 1492 1450 1496; x_wconf 92' lang='lat'><em>-</em></span> 
     </span>
    </p>
   </div>
   <div class='ocr_carea' id='block_1_5' title="bbox 206 1549 1363 1632">
    <p class='ocr_par' dir='ltr' id='par_1_5' title="bbox 206 1549 1363 1632">
     <span class='ocr_line' id='line_1_11' title="bbox 206 1549 1363 1632; baseline 0.003 -22"><span class='ocrx_word' id='word_1_101' title='bbox 206 1553 283 1627; x_wconf 86' lang='grc'><strong>,16,</strong></span> <span class='ocrx_word' id='word_1_102' title='bbox 318 1573 393 1629; x_wconf 90' lang='lat' dir='ltr'><strong>cum,</strong></span> <span class='ocrx_word' id='word_1_103' title='bbox 417 1550 510 1614; x_wconf 85' lang='grc'><strong>1219.</strong></span> <span class='ocrx_word' id='word_1_104' title='bbox 547 1553 577 1612; x_wconf 89' lang='grc'><strong>1).</strong></span> <span class='ocrx_word' id='word_1_105' title='bbox 611 1549 655 1615; x_wconf 86' lang='grc'><strong>40</strong></span> <span class='ocrx_word' id='word_1_106' title='bbox 687 1554 906 1632; x_wconf 83' lang='lat' dir='ltr'><strong>conjunctivum</strong></span> <span class='ocrx_word' id='word_1_107' title='bbox 928 1552 1101 1630; x_wconf 86' lang='lat' dir='ltr'><strong>defendens,</strong></span> <span class='ocrx_word' id='word_1_108' title='bbox 1131 1552 1223 1616; x_wconf 86' lang='grc'><strong>1225.</strong></span> <span class='ocrx_word' id='word_1_109' title='bbox 1258 1573 1286 1615; x_wconf 82' lang='grc' dir='ltr'><strong>ε.</strong></span> <span class='ocrx_word' id='word_1_110' title='bbox 1317 1549 1363 1614; x_wconf 86' lang='grc'><strong>14</strong></span> 
     </span>
    </p>
   </div>
   <div class='ocr_carea' id='block_1_6' title="bbox 119 1646 1362 1736">
    <p class='ocr_par' dir='ltr' id='par_1_6' title="bbox 119 1646 1362 1736">
     <span class='ocr_line' id='line_1_12' title="bbox 119 1646 1362 1736; baseline 0.002 -25"><span class='ocrx_word' id='word_1_111' title='bbox 119 1723 122 1730; x_wconf 33' lang='grc' dir='ltr'>Ι</span> <span class='ocrx_word' id='word_1_112' title='bbox 229 1646 402 1736; x_wconf 73' lang='grc' dir='ltr'><strong><em>οἷποιιτείνῃ</em></strong></span> <span class='ocrx_word' id='word_1_113' title='bbox 417 1656 446 1714; x_wconf 90' lang='lat' dir='ltr'><strong>in</strong></span> <span class='ocrx_word' id='word_1_114' title='bbox 460 1646 645 1712; x_wconf 74' lang='grc' dir='ltr'><strong><em>ἀποκτείνοι</em></strong></span> <span class='ocrx_word' id='word_1_115' title='bbox 657 1665 810 1729; x_wconf 79' lang='lat' dir='ltr'><strong>mutasset,</strong></span> <span class='ocrx_word' id='word_1_116' title='bbox 825 1657 857 1715; x_wconf 89' lang='lat' dir='ltr'><strong>in</strong></span> <span class='ocrx_word' id='word_1_117' title='bbox 868 1649 1181 1732; x_wconf 74' lang='lat' dir='ltr'><strong>editionellthicorum</strong></span> <span class='ocrx_word' id='word_1_118' title='bbox 1197 1655 1362 1715; x_wconf 80' lang='lat' dir='ltr'><strong>Eudemio-</strong></span> 
     </span>
    </p>
   </div>
   <div class='ocr_carea' id='block_1_7' title="bbox 228 1755 1362 1838">
    <p class='ocr_par' dir='ltr' id='par_1_7' title="bbox 228 1755 1362 1838">
     <span class='ocr_line' id='line_1_13' title="bbox 228 1755 1362 1838; baseline -0.002 -21"><span class='ocrx_word' id='word_1_119' title='bbox 228 1779 294 1818; x_wconf 85' lang='lat' dir='ltr'><strong>rum</strong></span> <span class='ocrx_word' id='word_1_120' title='bbox 316 1777 382 1817; x_wconf 77' lang='lat' dir='ltr'><strong>eum</strong></span> <span class='ocrx_word' id='word_1_121' title='bbox 399 1759 597 1836; x_wconf 85' lang='lat' dir='ltr'><strong>conjecturem</strong></span> <span class='ocrx_word' id='word_1_122' title='bbox 619 1759 802 1821; x_wconf 76' lang='lat' dir='ltr'><strong>retractavit.</strong></span> <span class='ocrx_word' id='word_1_123' title='bbox 846 1757 959 1818; x_wconf 81' lang='lat' dir='ltr'>Contra</span> <span class='ocrx_word' id='word_1_124' title='bbox 980 1755 1174 1838; x_wconf 79' lang='lat' dir='ltr'><strong>Spengelium</strong></span> <span class='ocrx_word' id='word_1_125' title='bbox 1197 1757 1362 1836; x_wconf 83' lang='lat' dir='ltr'><strong>conjuncti-</strong></span> 
     </span>
    </p>
   </div>
   <div class='ocr_carea' id='block_1_8' title="bbox 226 1855 1359 1942">
    <p class='ocr_par' dir='ltr' id='par_1_8' title="bbox 226 1855 1359 1942">
     <span class='ocr_line' id='line_1_14' title="bbox 226 1855 1359 1942; baseline 0.003 -22"><span class='ocrx_word' id='word_1_126' title='bbox 226 1879 284 1920; x_wconf 85' lang='lat' dir='ltr'><strong>vus</strong></span> <span class='ocrx_word' id='word_1_127' title='bbox 317 1859 455 1933; x_wconf 84' lang='lat' dir='ltr'><strong>offendit,</strong></span> <span class='ocrx_word' id='word_1_128' title='bbox 489 1880 555 1920; x_wconf 90' lang='lat' dir='ltr'><strong>cum</strong></span> <span class='ocrx_word' id='word_1_129' title='bbox 588 1859 667 1920; x_wconf 84' lang='lat' dir='ltr'><strong>dicet</strong></span> <span class='ocrx_word' id='word_1_130' title='bbox 699 1855 939 1942; x_wconf 84' lang='lat' dir='ltr'><strong>(Aristoteliscbe</strong></span> <span class='ocrx_word' id='word_1_131' title='bbox 962 1860 1087 1921; x_wconf 79' lang='lat' dir='ltr'>Studien</span> <span class='ocrx_word' id='word_1_132' title='bbox 1119 1863 1161 1925; x_wconf 87' lang='lat'><strong>11.</strong></span> <span class='ocrx_word' id='word_1_133' title='bbox 1187 1856 1239 1941; x_wconf 84' lang='lat'><strong>10)</strong></span> <span class='ocrx_word' id='word_1_134' title='bbox 1273 1859 1311 1920; x_wconf 82' lang='lat' dir='ltr'><strong>ed</strong></span> <span class='ocrx_word' id='word_1_135' title='bbox 1337 1861 1359 1923; x_wconf 92' lang='lat'><strong>1.</strong></span> 
     </span>
    </p>
   </div>
   <div class='ocr_carea' id='block_1_9' title="bbox 229 1943 1360 2042">
    <p class='ocr_par' dir='ltr' id='par_1_9' title="bbox 105 1943 1360 2052">
     <span class='ocr_line' id='line_1_15' title="bbox 229 1943 1360 2042; baseline 0 -17"><span class='ocrx_word' id='word_1_136' title='bbox 229 1959 321 2026; x_wconf 84' lang='grc'><strong>1219.</strong></span> <span class='ocrx_word' id='word_1_137' title='bbox 345 1963 375 2026; x_wconf 88' lang='lat' dir='ltr'><strong>b.</strong></span> <span class='ocrx_word' id='word_1_138' title='bbox 397 1960 453 2024; x_wconf 83' lang='lat'><strong>40:</strong></span> <span class='ocrx_word' id='word_1_139' title='bbox 484 1961 527 2036; x_wconf 79' lang='grc' dir='ltr'><strong>,εί</strong></span> <span class='ocrx_word' id='word_1_140' title='bbox 547 1952 565 2041; x_wconf 75' lang='grc' dir='ltr'>ᾖ</span> <span class='ocrx_word' id='word_1_141' title='bbox 587 1943 756 2042; x_wconf 62' lang='grc' dir='ltr'><strong><em>ἅνθρωπος</em></strong></span> <span class='ocrx_word' id='word_1_142' title='bbox 787 1963 912 2023; x_wconf 78' lang='lat' dir='ltr'><strong>fortasse</strong></span> <span class='ocrx_word' id='word_1_143' title='bbox 947 1964 1119 2023; x_wconf 76' lang='lat' dir='ltr'>recentioris</span> <span class='ocrx_word' id='word_1_144' title='bbox 1139 1964 1247 2027; x_wconf 76' lang='lat' dir='ltr'><strong>aetatis</strong></span> <span class='ocrx_word' id='word_1_145' title='bbox 1268 1963 1360 2025; x_wconf 82' lang='lat' dir='ltr'><strong>vesti-</strong></span> 
     </span>
    </p>
   </div>
   <div class='ocr_carea' id='block_1_10' title="bbox 168 2060 1423 2657">
    <p class='ocr_par' dir='ltr' id='par_1_10' title="bbox 168 2060 1423 2657">
     <span class='ocr_line' id='line_1_16' title="bbox 168 2060 1358 2146; baseline 0.002 -23"><span class='ocrx_word' id='word_1_146' title='bbox 168 2071 185 2146; x_wconf 57' lang='grc' dir='ltr'>ᾗ</span> <span class='ocrx_word' id='word_1_147' title='bbox 215 2065 318 2142; x_wconf 78' lang='lat' dir='ltr'><strong>‚glum</strong></span> <span class='ocrx_word' id='word_1_148' title='bbox 363 2063 515 2125; x_wconf 78' lang='lat' dir='ltr'><strong>Eudemus</strong></span> <span class='ocrx_word' id='word_1_149' title='bbox 547 2073 627 2125; x_wconf 84' lang='lat' dir='ltr'><strong>certe</strong></span> <span class='ocrx_word' id='word_1_150' title='bbox 661 2065 704 2124; x_wconf 83' lang='lat' dir='ltr'><strong>ite</strong></span> <span class='ocrx_word' id='word_1_151' title='bbox 736 2085 795 2125; x_wconf 90' lang='lat' dir='ltr'><strong>non</strong></span> <span class='ocrx_word' id='word_1_152' title='bbox 829 2066 946 2140; x_wconf 77' lang='lat' dir='ltr'>scripsit</span> <span class='ocrx_word' id='word_1_153' title='bbox 967 2085 1021 2144; x_wconf 86' lang='lat' dir='ltr'><strong>pro</strong></span> <span class='ocrx_word' id='word_1_154' title='bbox 1040 2060 1067 2122; x_wconf 83' lang='grc' dir='ltr'><strong>εί</strong></span> <span class='ocrx_word' id='word_1_155' title='bbox 1086 2063 1193 2128; x_wconf 49' lang='grc' dir='ltr'><strong>ἐστιν’(</strong></span> <span class='ocrx_word' id='word_1_156' title='bbox 1216 2066 1358 2138; x_wconf 82' lang='lat' dir='ltr'><strong>(fortasse</strong></span> 
     </span>
     <span class='ocr_line' id='line_1_17' title="bbox 226 2157 1360 2250; baseline 0.003 -25"><span class='ocrx_word' id='word_1_157' title='bbox 226 2168 269 2226; x_wconf 81' lang='lat' dir='ltr'><strong>ita</strong></span> <span class='ocrx_word' id='word_1_158' title='bbox 297 2167 393 2227; x_wconf 89' lang='lat' dir='ltr'><strong>locum</strong></span> <span class='ocrx_word' id='word_1_159' title='bbox 425 2186 531 2228; x_wconf 73' lang='lat' dir='ltr'><strong>sunus</strong></span> <span class='ocrx_word' id='word_1_160' title='bbox 560 2185 719 2246; x_wconf 87' lang='lat' dir='ltr'><strong>possumus</strong></span> <span class='ocrx_word' id='word_1_161' title='bbox 751 2174 785 2227; x_wconf 86' lang='lat' dir='ltr'><strong>ut</strong></span> <span class='ocrx_word' id='word_1_162' title='bbox 805 2189 859 2246; x_wconf 88' lang='lat' dir='ltr'><strong>pro</strong></span> <span class='ocrx_word' id='word_1_163' title='bbox 895 2165 921 2224; x_wconf 88' lang='grc' dir='ltr'><strong>εἰ</strong></span> <span class='ocrx_word' id='word_1_164' title='bbox 952 2157 1161 2248; x_wconf 65' lang='grc' dir='ltr'><strong><em>ᾖᾶνθρωπος</em></strong></span> <span class='ocrx_word' id='word_1_165' title='bbox 1184 2159 1360 2250; x_wconf 68' lang='grc' dir='ltr'><strong><em>1οςειοιιεῇ</em></strong></span> 
     </span>
     <span class='ocr_line' id='line_1_18' title="bbox 227 2261 1358 2350; baseline 0 -24"><span class='ocrx_word' id='word_1_166' title='bbox 227 2263 419 2348; x_wconf 65' lang='grc' dir='ltr'><strong>ἄνθρωπος),</strong></span> <span class='ocrx_word' id='word_1_167' title='bbox 445 2267 484 2328; x_wconf 85' lang='lat' dir='ltr'><strong>ed</strong></span> <span class='ocrx_word' id='word_1_168' title='bbox 504 2269 525 2328; x_wconf 88' lang='lat' dir='ltr'><strong>l.</strong></span> <span class='ocrx_word' id='word_1_169' title='bbox 550 2267 642 2333; x_wconf 89' lang='grc'><strong>1224.</strong></span> <span class='ocrx_word' id='word_1_170' title='bbox 666 2271 696 2330; x_wconf 89' lang='grc'><strong>1).</strong></span> <span class='ocrx_word' id='word_1_171' title='bbox 718 2271 739 2334; x_wconf 87' lang='grc'>6</span> <span class='ocrx_word' id='word_1_172' title='bbox 761 2267 831 2350; x_wconf 89' lang='grc'><strong>(1.1.</strong></span> <span class='ocrx_word' id='word_1_173' title='bbox 854 2290 924 2349; x_wconf 78' lang='lat' dir='ltr'>pag.</span> <span class='ocrx_word' id='word_1_174' title='bbox 950 2264 1022 2348; x_wconf 81' lang='lat'>15):</span> <span class='ocrx_word' id='word_1_175' title='bbox 1045 2278 1116 2344; x_wconf 83' lang='lat' dir='ltr'><strong>„aut</strong></span> <span class='ocrx_word' id='word_1_176' title='bbox 1138 2266 1295 2349; x_wconf 61' lang='grc' dir='ltr'><strong><em>προσθείη</em></strong></span> <span class='ocrx_word' id='word_1_177' title='bbox 1313 2261 1358 2326; x_wconf 78' lang='grc' dir='ltr'><strong>τά</strong></span> 
     </span>
     <span class='ocr_line' id='line_1_19' title="bbox 227 2353 1423 2454; baseline 0.003 -24"><span class='ocrx_word' id='word_1_178' title='bbox 227 2379 279 2430; x_wconf 86' lang='lat' dir='ltr'><strong>eut</strong></span> <span class='ocrx_word' id='word_1_179' title='bbox 300 2371 324 2429; x_wconf 90' lang='lat' dir='ltr'><strong>si</strong></span> <span class='ocrx_word' id='word_1_180' title='bbox 354 2369 487 2430; x_wconf 87' lang='lat' dir='ltr'><strong>medium</strong></span> <span class='ocrx_word' id='word_1_181' title='bbox 520 2371 551 2429; x_wconf 89' lang='lat' dir='ltr'><strong>in</strong></span> <span class='ocrx_word' id='word_1_182' title='bbox 573 2391 629 2431; x_wconf 89' lang='lat' dir='ltr'><strong>usu</strong></span> <span class='ocrx_word' id='word_1_183' title='bbox 657 2353 840 2454; x_wconf 73' lang='lat' dir='ltr'><strong>est⁶fecilius</strong></span> <span class='ocrx_word' id='word_1_184' title='bbox 873 2369 1044 2451; x_wconf 61' lang='grc' dir='ltr'><strong><em>προςθεῐτο</em></strong></span> <span class='ocrx_word' id='word_1_185' title='bbox 1067 2361 1138 2444; x_wconf 80' lang='grc' dir='ltr'><strong>τό“,</strong></span> <span class='ocrx_word' id='word_1_186' title='bbox 1159 2371 1200 2430; x_wconf 83' lang='lat' dir='ltr'><strong>nd</strong></span> <span class='ocrx_word' id='word_1_187' title='bbox 1218 2373 1238 2431; x_wconf 92' lang='lat' dir='ltr'><strong>l.</strong></span> <span class='ocrx_word' id='word_1_188' title='bbox 1262 2369 1359 2436; x_wconf 85' lang='grc'><strong>1225.</strong></span> <span class='ocrx_word' id='word_1_189' title='bbox 1418 2435 1423 2440; x_wconf 81' lang='grc'><strong>,</strong></span> 
     </span>
     <span class='ocr_line' id='line_1_20' title="bbox 229 2466 1360 2553; baseline 0.001 -21"><span class='ocrx_word' id='word_1_190' title='bbox 229 2494 255 2536; x_wconf 86' lang='grc' dir='ltr'><strong>ιι.</strong></span> <span class='ocrx_word' id='word_1_191' title='bbox 279 2471 320 2534; x_wconf 88' lang='lat'><strong>14</strong></span> <span class='ocrx_word' id='word_1_192' title='bbox 354 2475 434 2552; x_wconf 81' lang='lat' dir='ltr'>(pag.</span> <span class='ocrx_word' id='word_1_193' title='bbox 462 2466 537 2553; x_wconf 87' lang='lat'>16):</span> <span class='ocrx_word' id='word_1_194' title='bbox 572 2475 678 2547; x_wconf 77' lang='lat' dir='ltr'><strong>„scrib</strong></span> <span class='ocrx_word' id='word_1_195' title='bbox 713 2466 927 2538; x_wconf 81' lang='grc' dir='ltr'><strong><em>οίποκτείνοι“,</em></strong></span> <span class='ocrx_word' id='word_1_196' title='bbox 973 2474 1048 2535; x_wconf 85' lang='lat' dir='ltr'><strong>Cum</strong></span> <span class='ocrx_word' id='word_1_197' title='bbox 1078 2475 1187 2534; x_wconf 83' lang='lat' dir='ltr'><strong>Ethioe</strong></span> <span class='ocrx_word' id='word_1_198' title='bbox 1207 2473 1360 2534; x_wconf 73' lang='lat' dir='ltr'><strong>Eudemia</strong></span> 
     </span>
     <span class='ocr_line' id='line_1_21' title="bbox 228 2574 1360 2657; baseline 0.001 -22"><span class='ocrx_word' id='word_1_199' title='bbox 228 2574 356 2636; x_wconf 28' lang='lat' dir='ltr'><strong>dicendi,</strong></span> <span class='ocrx_word' id='word_1_200' title='bbox 376 2577 490 2636; x_wconf 83' lang='lat' dir='ltr'><strong>ratione</strong></span> <span class='ocrx_word' id='word_1_201' title='bbox 517 2575 637 2636; x_wconf 91' lang='lat' dir='ltr'><strong>minime</strong></span> <span class='ocrx_word' id='word_1_202' title='bbox 660 2578 697 2638; x_wconf 84' lang='lat' dir='ltr'><strong>ab</strong></span> <span class='ocrx_word' id='word_1_203' title='bbox 719 2577 882 2637; x_wconf 81' lang='lat' dir='ltr'>Aristotele</span> <span class='ocrx_word' id='word_1_204' title='bbox 914 2575 1053 2656; x_wconf 85' lang='lat' dir='ltr'><strong>different</strong></span> <span class='ocrx_word' id='word_1_205' title='bbox 1085 2586 1174 2657; x_wconf 81' lang='lat' dir='ltr'><strong>atque</strong></span> <span class='ocrx_word' id='word_1_206' title='bbox 1208 2575 1360 2643; x_wconf 79' lang='lat' dir='ltr'><strong>codicibus</strong></span> 
     </span>
    </p>
   </div>
   <div class='ocr_carea' id='block_1_11' title="bbox 128 2676 1359 2772">
    <p class='ocr_par' dir='ltr' id='par_1_11' title="bbox 128 2676 1359 2772">
     <span class='ocr_line' id='line_1_22' title="bbox 128 2676 1359 2772; baseline -0.002 -34"><span class='ocrx_word' id='word_1_207' title='bbox 128 2717 131 2726; x_wconf 38' lang='lat' dir='ltr'>a</span> <span class='ocrx_word' id='word_1_208' title='bbox 227 2679 305 2738; x_wconf 86' lang='lat' dir='ltr'><strong>mele</strong></span> <span class='ocrx_word' id='word_1_209' title='bbox 329 2676 438 2738; x_wconf 77' lang='lat' dir='ltr'><strong>tradite</strong></span> <span class='ocrx_word' id='word_1_210' title='bbox 460 2697 526 2738; x_wconf 80' lang='lat' dir='ltr'><strong>esse</strong></span> <span class='ocrx_word' id='word_1_211' title='bbox 561 2688 683 2755; x_wconf 88' lang='lat' dir='ltr'><strong>constet,</strong></span> <span class='ocrx_word' id='word_1_212' title='bbox 707 2677 867 2758; x_wconf 77' lang='lat' dir='ltr'><strong>Spen&#39;gelio</strong></span> <span class='ocrx_word' id='word_1_213' title='bbox 895 2681 993 2759; x_wconf 91' lang='lat' dir='ltr'><strong>potius</strong></span> <span class='ocrx_word' id='word_1_214' title='bbox 1019 2700 1112 2772; x_wconf 26' lang='lat' dir='ltr'><strong>,quem</strong></span> <span class='ocrx_word' id='word_1_215' title='bbox 1135 2679 1299 2739; x_wconf 81' lang='lat' dir='ltr'><strong>Fritzschio</strong></span> <span class='ocrx_word' id='word_1_216' title='bbox 1323 2686 1359 2737; x_wconf 89' lang='lat' dir='ltr'><strong>ut</strong></span> 
     </span>
    </p>
   </div>
   <div class='ocr_carea' id='block_1_12' title="bbox 204 2765 1358 3076">
    <p class='ocr_par' dir='ltr' id='par_1_12' title="bbox 204 2765 1358 3076">
     <span class='ocr_line' id='line_1_23' title="bbox 227 2765 761 2870; baseline -0.002 -29"><span class='ocrx_word' id='word_1_217' title='bbox 227 2782 387 2841; x_wconf 79' lang='lat' dir='ltr'><strong>assentiam</strong></span> <span class='ocrx_word' id='word_1_218' title='bbox 407 2765 516 2840; x_wconf 89' lang='lat' dir='ltr'><strong>inclino</strong></span> <span class='ocrx_word' id='word_1_219' title='bbox 529 2769 571 2870; x_wconf 87' lang='lat'><strong>*).</strong></span> <span class='ocrx_word' id='word_1_220' title='bbox 758 2863 761 2866; x_wconf 21' lang='grc' dir='ltr'>Ι</span> 
     </span>
     <span class='ocr_line' id='line_1_24' title="bbox 204 2879 1358 2964; baseline 0 -21"><span class='ocrx_word' id='word_1_221' title='bbox 204 2907 206 2911; x_wconf 96' lang='grc'><strong><em>·</em></strong></span> <span class='ocrx_word' id='word_1_222' title='bbox 313 2884 363 2943; x_wconf 92' lang='lat' dir='ltr'><strong>De</strong></span> <span class='ocrx_word' id='word_1_223' title='bbox 383 2884 592 2962; x_wconf 76' lang='lat' dir='ltr'><strong>particularum</strong></span> <span class='ocrx_word' id='word_1_224' title='bbox 614 2882 854 2944; x_wconf 83' lang='lat' dir='ltr'><strong>conditionalium</strong></span> <span class='ocrx_word' id='word_1_225' title='bbox 877 2903 933 2944; x_wconf 91' lang='lat' dir='ltr'><strong>usu</strong></span> <span class='ocrx_word' id='word_1_226' title='bbox 961 2884 1040 2964; x_wconf 85' lang='lat' dir='ltr'><strong>apud</strong></span> <span class='ocrx_word' id='word_1_227' title='bbox 1055 2879 1247 2944; x_wconf 77' lang='lat' dir='ltr'><strong>Aristotelem</strong></span> <span class='ocrx_word' id='word_1_228' title='bbox 1268 2882 1358 2957; x_wconf 89' lang='lat' dir='ltr'><strong>eddo,</strong></span> 
     </span>
     <span class='ocr_line' id='line_1_25' title="bbox 228 2979 1358 3076; baseline -0.001 -30"><span class='ocrx_word' id='word_1_229' title='bbox 228 3007 294 3046; x_wconf 90' lang='lat' dir='ltr'><strong>cum</strong></span> <span class='ocrx_word' id='word_1_230' title='bbox 330 2979 426 3066; x_wconf 82' lang='grc' dir='ltr'><strong><em>είπερ,</em></strong></span> <span class='ocrx_word' id='word_1_231' title='bbox 459 2987 496 3050; x_wconf 84' lang='lat' dir='ltr'><strong>cf.</strong></span> <span class='ocrx_word' id='word_1_232' title='bbox 520 2986 683 3048; x_wconf 80' lang='lat' dir='ltr'><strong>Fritcsobe.</strong></span> <span class='ocrx_word' id='word_1_233' title='bbox 718 2985 755 3044; x_wconf 84' lang='lat' dir='ltr'><strong>ad</strong></span> <span class='ocrx_word' id='word_1_234' title='bbox 777 2982 875 3050; x_wconf 81' lang='lat' dir='ltr'><strong>Etbic.</strong></span> <span class='ocrx_word' id='word_1_235' title='bbox 913 2985 1006 3076; x_wconf 84' lang='lat'><strong>1165.</strong></span> <span class='ocrx_word' id='word_1_236' title='bbox 1028 2987 1066 3051; x_wconf 81' lang='grc'><strong>1).,</strong></span> <span class='ocrx_word' id='word_1_237' title='bbox 1084 2985 1133 3059; x_wconf 92' lang='grc'><strong>14,</strong></span> <span class='ocrx_word' id='word_1_238' title='bbox 1166 2987 1196 3046; x_wconf 92' lang='lat' dir='ltr'><strong>in</strong></span> <span class='ocrx_word' id='word_1_239' title='bbox 1221 2986 1358 3047; x_wconf 89' lang='lat' dir='ltr'><strong>omnibus</strong></span> 
     </span>
    </p>
   </div>
   <div class='ocr_carea' id='block_1_13' title="bbox 156 3219 1368 4417">
    <p class='ocr_par' dir='ltr' id='par_1_13' title="bbox 296 3219 1358 3290">
     <span class='ocr_line' id='line_1_26' title="bbox 296 3219 1358 3290; baseline -0.004 -16"><span class='ocrx_word' id='word_1_240' title='bbox 296 3221 323 3290; x_wconf 73' lang='lat'><strong>²¹⁸)</strong></span> <span class='ocrx_word' id='word_1_241' title='bbox 345 3220 505 3274; x_wconf 77' lang='lat' dir='ltr'><strong>Particulam</strong></span> <span class='ocrx_word' id='word_1_242' title='bbox 523 3221 544 3274; x_wconf 81' lang='grc' dir='ltr'><strong>εί</strong></span> <span class='ocrx_word' id='word_1_243' title='bbox 570 3222 723 3290; x_wconf 77' lang='lat' dir='ltr'><strong>saepissime</strong></span> <span class='ocrx_word' id='word_1_244' title='bbox 750 3221 881 3273; x_wconf 84' lang='lat' dir='ltr'><strong>excidisse</strong></span> <span class='ocrx_word' id='word_1_245' title='bbox 907 3219 1062 3273; x_wconf 78' lang='lat' dir='ltr'><strong>addiderim.</strong></span> <span class='ocrx_word' id='word_1_246' title='bbox 1098 3221 1231 3272; x_wconf 80' lang='lat' dir='ltr'><strong>Restituta</strong></span> <span class='ocrx_word' id='word_1_247' title='bbox 1251 3226 1299 3283; x_wconf 86' lang='lat' dir='ltr'><strong>est,</strong></span> <span class='ocrx_word' id='word_1_248' title='bbox 1326 3225 1358 3270; x_wconf 87' lang='lat' dir='ltr'><strong>nt</strong></span> 
     </span>
    </p>

    <p class='ocr_par' dir='ltr' id='par_1_14' title="bbox 156 3306 1358 3720">
     <span class='ocr_line' id='line_1_27' title="bbox 193 3306 1356 3374; baseline -0.003 -13"><span class='ocrx_word' id='word_1_249' title='bbox 193 3363 196 3370; x_wconf 67' lang='grc'><strong>,</strong></span> <span class='ocrx_word' id='word_1_250' title='bbox 228 3308 355 3361; x_wconf 81' lang='lat' dir='ltr'><strong>nonnulla</strong></span> <span class='ocrx_word' id='word_1_251' title='bbox 373 3308 494 3374; x_wconf 78' lang='lat' dir='ltr'><strong>exempla</strong></span> <span class='ocrx_word' id='word_1_252' title='bbox 512 3307 628 3370; x_wconf 83' lang='lat' dir='ltr'><strong>efferam,</strong></span> <span class='ocrx_word' id='word_1_253' title='bbox 646 3309 725 3358; x_wconf 87' lang='lat' dir='ltr'><strong>Polit.</strong></span> <span class='ocrx_word' id='word_1_254' title='bbox 746 3310 821 3358; x_wconf 77' lang='lat'><strong>1287.</strong></span> <span class='ocrx_word' id='word_1_255' title='bbox 840 3307 866 3358; x_wconf 86' lang='lat' dir='ltr'><strong>b.</strong></span> <span class='ocrx_word' id='word_1_256' title='bbox 885 3308 900 3356; x_wconf 91' lang='grc'><strong>6</strong></span> <span class='ocrx_word' id='word_1_257' title='bbox 921 3323 937 3357; x_wconf 84' lang='grc' dir='ltr'><strong><em>ι</em></strong></span> <span class='ocrx_word' id='word_1_258' title='bbox 955 3307 1115 3358; x_wconf 79' lang='grc' dir='ltr'><strong><em>ΒοΙεοείᾶειο</em></strong></span> <span class='ocrx_word' id='word_1_259' title='bbox 1132 3306 1275 3358; x_wconf 87' lang='lat' dir='ltr'><strong>&#39;secundum</strong></span> <span class='ocrx_word' id='word_1_260' title='bbox 1297 3320 1356 3358; x_wconf 82' lang='lat' dir='ltr'><strong>ver-</strong></span> 
     </span>
     <span class='ocr_line' id='line_1_28' title="bbox 165 3385 1358 3457; baseline -0.005 -10"><span class='ocrx_word' id='word_1_261' title='bbox 165 3415 170 3426; x_wconf 92' lang='lat'><em>·</em></span> <span class='ocrx_word' id='word_1_262' title='bbox 227 3398 327 3448; x_wconf 87' lang='lat' dir='ltr'><strong>sionem</strong></span> <span class='ocrx_word' id='word_1_263' title='bbox 356 3394 494 3445; x_wconf 84' lang='lat' dir='ltr'><strong>Guilielmi</strong></span> <span class='ocrx_word' id='word_1_264' title='bbox 521 3393 554 3444; x_wconf 89' lang='lat' dir='ltr'><strong>de</strong></span> <span class='ocrx_word' id='word_1_265' title='bbox 571 3385 733 3444; x_wconf 73' lang='lat' dir='ltr'><strong>Mocrbeclcn</strong></span> <span class='ocrx_word' id='word_1_266' title='bbox 752 3399 778 3442; x_wconf 90' lang='lat' dir='ltr'><strong>et</strong></span> <span class='ocrx_word' id='word_1_267' title='bbox 796 3393 914 3456; x_wconf 64' lang='lat' dir='ltr'><strong>Armini,</strong></span> <span class='ocrx_word' id='word_1_268' title='bbox 940 3408 1017 3457; x_wconf 85' lang='lat' dir='ltr'><strong>quem</strong></span> <span class='ocrx_word' id='word_1_269' title='bbox 1034 3393 1119 3444; x_wconf 85' lang='lat' dir='ltr'><strong>secuti</strong></span> <span class='ocrx_word' id='word_1_270' title='bbox 1136 3399 1197 3444; x_wconf 88' lang='lat' dir='ltr'><strong>sunt</strong></span> <span class='ocrx_word' id='word_1_271' title='bbox 1213 3395 1309 3444; x_wconf 80' lang='lat' dir='ltr'><strong>Censes</strong></span> <span class='ocrx_word' id='word_1_272' title='bbox 1330 3397 1358 3443; x_wconf 85' lang='lat' dir='ltr'><strong>ct</strong></span> 
     </span>
     <span class='ocr_line' id='line_1_29' title="bbox 226 3478 1354 3546; baseline -0.002 -14"><span class='ocrx_word' id='word_1_273' title='bbox 226 3482 385 3544; x_wconf 70' lang='lat' dir='ltr'><strong>Bussenius,</strong></span> <span class='ocrx_word' id='word_1_274' title='bbox 413 3480 446 3530; x_wconf 82' lang='lat' dir='ltr'><strong>cf.</strong></span> <span class='ocrx_word' id='word_1_275' title='bbox 465 3479 666 3532; x_wconf 79' lang='lat' dir='ltr'><strong>Jahresbericht</strong></span> <span class='ocrx_word' id='word_1_276' title='bbox 683 3482 749 3530; x_wconf 79' lang='lat' dir='ltr'><strong>tiber</strong></span> <span class='ocrx_word' id='word_1_277' title='bbox 768 3479 814 3530; x_wconf 80' lang='lat' dir='ltr'><strong>des</strong></span> <span class='ocrx_word' id='word_1_278' title='bbox 832 3478 957 3532; x_wconf 81' lang='lat' dir='ltr'><strong>Weimer.</strong></span> <span class='ocrx_word' id='word_1_279' title='bbox 977 3479 1101 3544; x_wconf 82' lang='lat' dir='ltr'><strong>Gymnas.</strong></span> <span class='ocrx_word' id='word_1_280' title='bbox 1129 3481 1204 3532; x_wconf 84' lang='grc'><strong>1864.</strong></span> <span class='ocrx_word' id='word_1_281' title='bbox 1225 3494 1287 3544; x_wconf 77' lang='lat' dir='ltr'><strong>pag.</strong></span> <span class='ocrx_word' id='word_1_282' title='bbox 1307 3481 1354 3546; x_wconf 75' lang='lat'><strong>1⁸23</strong></span> 
     </span>
     <span class='ocr_line' id='line_1_30' title="bbox 227 3561 1357 3630; baseline -0.004 -12"><span class='ocrx_word' id='word_1_283' title='bbox 227 3567 314 3618; x_wconf 80' lang='lat' dir='ltr'><strong>Ethic.</strong></span> <span class='ocrx_word' id='word_1_284' title='bbox 347 3561 468 3618; x_wconf 49' lang='lat' dir='ltr'><strong>iisset.</strong></span> <span class='ocrx_word' id='word_1_285' title='bbox 496 3568 527 3615; x_wconf 79' lang='lat'><strong>17</strong></span> <span class='ocrx_word' id='word_1_286' title='bbox 554 3581 570 3615; x_wconf 84' lang='grc' dir='ltr'><strong><em>ι</em></strong></span> <span class='ocrx_word' id='word_1_287' title='bbox 595 3566 739 3630; x_wconf 82' lang='grc' dir='ltr'><strong>Βεεεοιείο,</strong></span> <span class='ocrx_word' id='word_1_288' title='bbox 767 3565 799 3615; x_wconf 86' lang='lat' dir='ltr'><strong>cf.</strong></span> <span class='ocrx_word' id='word_1_289' title='bbox 829 3563 1029 3624; x_wconf 81' lang='lat' dir='ltr'><strong>Jehresbericht</strong></span> <span class='ocrx_word' id='word_1_290' title='bbox 1061 3565 1126 3616; x_wconf 83' lang='lat' dir='ltr'><strong>iiber</strong></span> <span class='ocrx_word' id='word_1_291' title='bbox 1155 3564 1202 3614; x_wconf 78' lang='lat' dir='ltr'><strong>das</strong></span> <span class='ocrx_word' id='word_1_292' title='bbox 1228 3564 1357 3614; x_wconf 82' lang='lat' dir='ltr'><strong>Welmsr.</strong></span> 
     </span>
     <span class='ocr_line' id='line_1_31' title="bbox 156 3649 1357 3720; baseline -0.005 -14"><span class='ocrx_word' id='word_1_293' title='bbox 156 3661 180 3694; x_wconf 91' lang='grc'><strong>’-</strong></span> <span class='ocrx_word' id='word_1_294' title='bbox 229 3654 354 3720; x_wconf 78' lang='lat' dir='ltr'><strong>Gymnas.</strong></span> <span class='ocrx_word' id='word_1_295' title='bbox 374 3653 449 3702; x_wconf 80' lang='lat'><strong>1862.</strong></span> <span class='ocrx_word' id='word_1_296' title='bbox 469 3664 531 3718; x_wconf 76' lang='lat' dir='ltr'><strong>pag.</strong></span> <span class='ocrx_word' id='word_1_297' title='bbox 541 3653 589 3718; x_wconf 83' lang='lat'><strong>26;</strong></span> <span class='ocrx_word' id='word_1_298' title='bbox 606 3651 714 3718; x_wconf 85' lang='lat' dir='ltr'><strong>Physic.</strong></span> <span class='ocrx_word' id='word_1_299' title='bbox 733 3653 791 3702; x_wconf 74' lang='lat'><strong>202.</strong></span> <span class='ocrx_word' id='word_1_300' title='bbox 801 3654 853 3704; x_wconf 84' lang='grc' dir='ltr'><strong>ε.3</strong></span> <span class='ocrx_word' id='word_1_301' title='bbox 873 3667 890 3701; x_wconf 91' lang='grc' dir='ltr'><strong>ιι</strong></span> <span class='ocrx_word' id='word_1_302' title='bbox 906 3652 1035 3715; x_wconf 83' lang='lat' dir='ltr'><strong>Prantlio‚</strong></span> <span class='ocrx_word' id='word_1_303' title='bbox 1052 3649 1107 3701; x_wconf 82' lang='lat' dir='ltr'><strong>vid.</strong></span> <span class='ocrx_word' id='word_1_304' title='bbox 1127 3650 1160 3700; x_wconf 78' lang='lat' dir='ltr'><strong>ed</strong></span> <span class='ocrx_word' id='word_1_305' title='bbox 1170 3650 1195 3700; x_wconf 92' lang='lat' dir='ltr'><strong>h.</strong></span> <span class='ocrx_word' id='word_1_306' title='bbox 1208 3649 1235 3700; x_wconf 92' lang='lat' dir='ltr'><strong>l..</strong></span> <span class='ocrx_word' id='word_1_307' title='bbox 1251 3667 1255 3687; x_wconf 69' lang='grc' dir='ltr'><strong><em>ι</em></strong></span> <span class='ocrx_word' id='word_1_308' title='bbox 1269 3649 1357 3701; x_wconf 85' lang='lat' dir='ltr'><strong>Ethio.</strong></span> 
     </span>
    </p>

    <p class='ocr_par' dir='ltr' id='par_1_15' title="bbox 175 3719 1368 4417">
     <span class='ocr_line' id='line_1_32' title="bbox 202 3719 1358 3812; baseline -0.003 -21"><span class='ocrx_word' id='word_1_309' title='bbox 202 3739 337 3791; x_wconf 84' lang='lat' dir='ltr'><strong>.Eudem.</strong></span> <span class='ocrx_word' id='word_1_310' title='bbox 358 3738 431 3790; x_wconf 77' lang='lat'>1220.</span> <span class='ocrx_word' id='word_1_311' title='bbox 450 3739 475 3789; x_wconf 87' lang='lat' dir='ltr'><strong>b.</strong></span> <span class='ocrx_word' id='word_1_312' title='bbox 493 3739 519 3801; x_wconf 85' lang='grc'><strong>4,</strong></span> <span class='ocrx_word' id='word_1_313' title='bbox 548 3737 594 3788; x_wconf 91' lang='lat' dir='ltr'><strong>ubi</strong></span> <span class='ocrx_word' id='word_1_314' title='bbox 612 3737 640 3786; x_wconf 92' lang='lat' dir='ltr'><strong>in</strong></span> <span class='ocrx_word' id='word_1_315' title='bbox 667 3736 803 3787; x_wconf 89' lang='lat' dir='ltr'><strong>codicibus</strong></span> <span class='ocrx_word' id='word_1_316' title='bbox 831 3732 904 3788; x_wconf 77' lang='lat' dir='ltr'><strong>heec&#39;</strong></span> <span class='ocrx_word' id='word_1_317' title='bbox 921 3736 1004 3788; x_wconf 79' lang='lat' dir='ltr'><strong>verba</strong></span> <span class='ocrx_word' id='word_1_318' title='bbox 1031 3737 1134 3786; x_wconf 84' lang='lat' dir='ltr'><strong>insunt:</strong></span> <span class='ocrx_word' id='word_1_319' title='bbox 1165 3721 1231 3788; x_wconf 74' lang='grc' dir='ltr'><strong><em>οὐδὲ</em></strong></span> <span class='ocrx_word' id='word_1_320' title='bbox 1249 3719 1301 3812; x_wconf 75' lang='grc' dir='ltr'><strong>Ιγάρ</strong></span> <span class='ocrx_word' id='word_1_321' title='bbox 1322 3727 1358 3788; x_wconf 74' lang='grc' dir='ltr'><strong>ά)</strong></span> 
     </span>
     <span class='ocr_line' id='line_1_33' title="bbox 228 3814 1359 3900; baseline -0.004 -23"><span class='ocrx_word' id='word_1_322' title='bbox 228 3820 352 3900; x_wconf 74' lang='grc' dir='ltr'><strong><em>μυριάκις</em></strong></span> <span class='ocrx_word' id='word_1_323' title='bbox 370 3822 450 3896; x_wconf 74' lang='grc' dir='ltr'><strong><em>ῥίψῃς</em></strong></span> <span class='ocrx_word' id='word_1_324' title='bbox 472 3817 529 3875; x_wconf 83' lang='grc' dir='ltr'><strong>ἄνω</strong></span> <span class='ocrx_word' id='word_1_325' title='bbox 549 3816 599 3874; x_wconf 85' lang='grc' dir='ltr'><strong>τὸν</strong></span> <span class='ocrx_word' id='word_1_326' title='bbox 618 3818 708 3885; x_wconf 71' lang='grc' dir='ltr'><strong>λίθον,</strong></span> <span class='ocrx_word' id='word_1_327' title='bbox 727 3815 860 3874; x_wconf 76' lang='grc' dir='ltr'><strong><em>οὐδέποτε</em></strong></span> <span class='ocrx_word' id='word_1_328' title='bbox 878 3818 983 3886; x_wconf 79' lang='grc' dir='ltr'><strong><em>ποιήσει</em></strong></span> <span class='ocrx_word' id='word_1_329' title='bbox 1004 3825 1095 3900; x_wconf 82' lang='grc' dir='ltr'><strong><em>τοῦτο</em></strong></span> <span class='ocrx_word' id='word_1_330' title='bbox 1114 3814 1152 3889; x_wconf 71' lang='grc' dir='ltr'><strong>μή</strong></span> <span class='ocrx_word' id='word_1_331' title='bbox 1169 3818 1224 3890; x_wconf 59' lang='lat' dir='ltr'><strong>llio,</strong></span> <span class='ocrx_word' id='word_1_332' title='bbox 1243 3823 1359 3889; x_wconf 78' lang='lat' dir='ltr'><strong>Spenge-</strong></span> 
     </span>
     <span class='ocr_line' id='line_1_34' title="bbox 227 3901 1358 3977; baseline -0.002 -16"><span class='ocrx_word' id='word_1_333' title='bbox 227 3912 280 3974; x_wconf 84' lang='lat' dir='ltr'><strong>lius</strong></span> <span class='ocrx_word' id='word_1_334' title='bbox 298 3910 331 3961; x_wconf 90' lang='lat' dir='ltr'><strong>de</strong></span> <span class='ocrx_word' id='word_1_335' title='bbox 351 3911 439 3962; x_wconf 82' lang='lat' dir='ltr'><strong>verbis</strong></span> <span class='ocrx_word' id='word_1_336' title='bbox 459 3901 497 3976; x_wconf 72' lang='lat' dir='ltr'><strong>uti</strong></span> <span class='ocrx_word' id='word_1_337' title='bbox 513 3905 560 3977; x_wconf 72' lang='grc' dir='ltr'><strong>βέιρ</strong></span> <span class='ocrx_word' id='word_1_338' title='bbox 582 3907 662 3960; x_wconf 87' lang='lat' dir='ltr'><strong>dicit:</strong></span> <span class='ocrx_word' id='word_1_339' title='bbox 691 3925 770 3973; x_wconf 86' lang='lat' dir='ltr'><strong>„num</strong></span> <span class='ocrx_word' id='word_1_340' title='bbox 796 3909 845 3961; x_wconf 92' lang='lat' dir='ltr'><strong>hoc</strong></span> <span class='ocrx_word' id='word_1_341' title='bbox 866 3923 991 3976; x_wconf 76' lang='lat' dir='ltr'><strong>graecum</strong></span> <span class='ocrx_word' id='word_1_342' title='bbox 1011 3925 1061 3974; x_wconf 84' lang='lat' dir='ltr'><strong>pro</strong></span> <span class='ocrx_word' id='word_1_343' title='bbox 1081 3901 1118 3974; x_wconf 73' lang='grc' dir='ltr'><strong>μή</strong></span> <span class='ocrx_word' id='word_1_344' title='bbox 1135 3902 1295 3974; x_wconf 82' lang='grc' dir='ltr'><strong><em>βιαζόμενος</em></strong></span> <span class='ocrx_word' id='word_1_345' title='bbox 1313 3909 1358 3959; x_wconf 84' lang='lat' dir='ltr'><strong>vel</strong></span> 
     </span>
     <span class='ocr_line' id='line_1_35' title="bbox 228 3988 1359 4065; baseline -0.004 -16"><span class='ocrx_word' id='word_1_346' title='bbox 228 3995 250 4049; x_wconf 81' lang='lat' dir='ltr'><strong>si</strong></span> <span class='ocrx_word' id='word_1_347' title='bbox 267 3988 304 4065; x_wconf 73' lang='grc' dir='ltr'><strong>μὴ</strong></span> <span class='ocrx_word' id='word_1_348' title='bbox 324 3992 397 4064; x_wconf 52' lang='grc' dir='ltr'><strong>βίοψ,</strong></span> <span class='ocrx_word' id='word_1_349' title='bbox 416 3997 448 4046; x_wconf 86' lang='lat' dir='ltr'><strong>cf.</strong></span> <span class='ocrx_word' id='word_1_350' title='bbox 468 3994 666 4046; x_wconf 86' lang='lat' dir='ltr'><strong>Aristotelische</strong></span> <span class='ocrx_word' id='word_1_351' title='bbox 681 3994 798 4045; x_wconf 78' lang='lat' dir='ltr'><strong>Studien.</strong></span> <span class='ocrx_word' id='word_1_352' title='bbox 816 3995 851 4046; x_wconf 87' lang='lat'><strong>11.</strong></span> <span class='ocrx_word' id='word_1_353' title='bbox 871 4011 932 4061; x_wconf 78' lang='lat' dir='ltr'>pag.</span> <span class='ocrx_word' id='word_1_354' title='bbox 953 3996 993 4044; x_wconf 84' lang='lat'><strong>1⁰.</strong></span> <span class='ocrx_word' id='word_1_355' title='bbox 1030 3993 1115 4057; x_wconf 87' lang='lat' dir='ltr'><strong>Hujus</strong></span> <span class='ocrx_word' id='word_1_356' title='bbox 1138 3993 1190 4043; x_wconf 84' lang='lat' dir='ltr'><strong>loci</strong></span> <span class='ocrx_word' id='word_1_357' title='bbox 1208 3993 1359 4044; x_wconf 86' lang='lat' dir='ltr'><strong>simillimos</strong></span> 
     </span>
     <span class='ocr_line' id='line_1_36' title="bbox 229 4070 1359 4148; baseline -0.004 -15"><span class='ocrx_word' id='word_1_358' title='bbox 229 4081 374 4148; x_wconf 83' lang='lat' dir='ltr'><strong>complures</strong></span> <span class='ocrx_word' id='word_1_359' title='bbox 393 4081 498 4147; x_wconf 76' lang='lat' dir='ltr'><strong>inveni3</strong></span> <span class='ocrx_word' id='word_1_360' title='bbox 516 4086 546 4131; x_wconf 87' lang='lat' dir='ltr'><strong>ut</strong></span> <span class='ocrx_word' id='word_1_361' title='bbox 562 4095 643 4131; x_wconf 90' lang='lat' dir='ltr'><strong>unum</strong></span> <span class='ocrx_word' id='word_1_362' title='bbox 655 4070 780 4141; x_wconf 67' lang='lat' dir='ltr'><strong>&#39;efferam</strong></span> <span class='ocrx_word' id='word_1_363' title='bbox 799 4080 844 4146; x_wconf 85' lang='lat' dir='ltr'><strong>qui</strong></span> <span class='ocrx_word' id='word_1_364' title='bbox 861 4081 918 4146; x_wconf 88' lang='lat' dir='ltr'><strong>ipse</strong></span> <span class='ocrx_word' id='word_1_365' title='bbox 936 4095 1038 4147; x_wconf 88' lang='lat' dir='ltr'><strong>quoque</strong></span> <span class='ocrx_word' id='word_1_366' title='bbox 1056 4080 1083 4128; x_wconf 88' lang='lat' dir='ltr'><strong>in</strong></span> <span class='ocrx_word' id='word_1_367' title='bbox 1102 4076 1237 4130; x_wconf 78' lang='lat' dir='ltr'><strong>Eudemiis</strong></span> <span class='ocrx_word' id='word_1_368' title='bbox 1255 4079 1359 4129; x_wconf 85' lang='lat' dir='ltr'><strong>inveni·</strong></span> 
     </span>
     <span class='ocr_line' id='line_1_37' title="bbox 228 4155 1368 4234; baseline -0.001 -16"><span class='ocrx_word' id='word_1_369' title='bbox 228 4172 282 4234; x_wconf 85' lang='lat' dir='ltr'><strong>tur,</strong></span> <span class='ocrx_word' id='word_1_370' title='bbox 310 4167 344 4218; x_wconf 80' lang='lat' dir='ltr'><strong>of.</strong></span> <span class='ocrx_word' id='word_1_371' title='bbox 365 4169 437 4220; x_wconf 74' lang='lat'>1249.</span> <span class='ocrx_word' id='word_1_372' title='bbox 459 4183 482 4217; x_wconf 83' lang='grc' dir='ltr'><strong>ι.</strong></span> <span class='ocrx_word' id='word_1_373' title='bbox 503 4169 543 4230; x_wconf 91' lang='grc'><strong>19,</strong></span> <span class='ocrx_word' id='word_1_374' title='bbox 569 4167 616 4227; x_wconf 86' lang='lat' dir='ltr'><strong>nbi</strong></span> <span class='ocrx_word' id='word_1_375' title='bbox 642 4165 747 4218; x_wconf 84' lang='lat' dir='ltr'><strong>codices</strong></span> <span class='ocrx_word' id='word_1_376' title='bbox 774 4167 883 4218; x_wconf 86' lang='lat' dir='ltr'><strong>hebent:</strong></span> <span class='ocrx_word' id='word_1_377' title='bbox 912 4163 948 4218; x_wconf 80' lang='grc' dir='ltr'><strong>οὐ</strong></span> <span class='ocrx_word' id='word_1_378' title='bbox 975 4163 1080 4234; x_wconf 74' lang='grc' dir='ltr'><strong><em>γίνεται</em></strong></span> <span class='ocrx_word' id='word_1_379' title='bbox 1108 4155 1139 4217; x_wconf 71' lang='grc' dir='ltr'><strong>δ’ὁ</strong></span> <span class='ocrx_word' id='word_1_380' title='bbox 1163 4155 1251 4227; x_wconf 64' lang='lat' dir='ltr'><strong>vidovo}</strong></span> <span class='ocrx_word' id='word_1_381' title='bbox 1272 4157 1311 4232; x_wconf 70' lang='grc' dir='ltr'><strong>μὴ</strong></span> <span class='ocrx_word' id='word_1_382' title='bbox 1331 4163 1368 4218; x_wconf 73' lang='grc' dir='ltr'><strong>ἐν·</strong></span> 
     </span>
     <span class='ocr_line' id='line_1_38' title="bbox 175 4241 1361 4328; baseline -0.002 -22"><span class='ocrx_word' id='word_1_383' title='bbox 175 4261 180 4270; x_wconf 95' lang='grc'><strong>“</strong></span> <span class='ocrx_word' id='word_1_384' title='bbox 228 4249 332 4328; x_wconf 67' lang='grc' dir='ltr'><strong><em>πράξει,</em></strong></span> <span class='ocrx_word' id='word_1_385' title='bbox 349 4252 394 4304; x_wconf 84' lang='lat' dir='ltr'><strong>sed</strong></span> <span class='ocrx_word' id='word_1_386' title='bbox 412 4253 435 4304; x_wconf 84' lang='lat' dir='ltr'><strong>si</strong></span> <span class='ocrx_word' id='word_1_387' title='bbox 453 4253 516 4319; x_wconf 86' lang='lat' dir='ltr'><strong>quid</strong></span> <span class='ocrx_word' id='word_1_388' title='bbox 534 4252 611 4304; x_wconf 82' lang='lat' dir='ltr'><strong>video</strong></span> <span class='ocrx_word' id='word_1_389' title='bbox 630 4247 664 4305; x_wconf 86' lang='grc' dir='ltr'><strong>ού</strong></span> <span class='ocrx_word' id='word_1_390' title='bbox 683 4253 788 4322; x_wconf 71' lang='grc' dir='ltr'><strong><em>γίνεται</em></strong></span> <span class='ocrx_word' id='word_1_391' title='bbox 806 4245 834 4306; x_wconf 77' lang='grc' dir='ltr'><strong>δὲ</strong></span> <span class='ocrx_word' id='word_1_392' title='bbox 855 4242 943 4316; x_wconf 73' lang='grc' dir='ltr'><strong><em>ἡδονὴ</em></strong></span> <span class='ocrx_word' id='word_1_393' title='bbox 963 4249 984 4303; x_wconf 80' lang='lat' dir='ltr'><strong>sl</strong></span> <span class='ocrx_word' id='word_1_394' title='bbox 1001 4243 1039 4319; x_wconf 77' lang='grc' dir='ltr'><strong><em>μή</em></strong></span> <span class='ocrx_word' id='word_1_395' title='bbox 1056 4247 1084 4302; x_wconf 76' lang='grc' dir='ltr'><strong>ἐν</strong></span> <span class='ocrx_word' id='word_1_396' title='bbox 1103 4241 1198 4326; x_wconf 77' lang='grc' dir='ltr'><strong><em>πράξει</em></strong></span> <span class='ocrx_word' id='word_1_397' title='bbox 1213 4249 1361 4316; x_wconf 80' lang='lat' dir='ltr'><strong>legendum</strong></span> 
     </span>
     <span class='ocr_line' id='line_1_39' title="bbox 187 4331 1033 4417; baseline -0.001 -25"><span class='ocrx_word' id='word_1_398' title='bbox 187 4409 191 4417; x_wconf 24' lang='grc' dir='ltr'><strong>Δ</strong></span> <span class='ocrx_word' id='word_1_399' title='bbox 229 4346 270 4392; x_wconf 80' lang='lat' dir='ltr'><strong>est</strong></span> <span class='ocrx_word' id='word_1_400' title='bbox 288 4342 377 4404; x_wconf 79' lang='lat' dir='ltr'><strong>(quom</strong></span> <span class='ocrx_word' id='word_1_401' title='bbox 394 4338 473 4390; x_wconf 72' lang='lat' dir='ltr'><strong>focile</strong></span> <span class='ocrx_word' id='word_1_402' title='bbox 491 4339 512 4392; x_wconf 86' lang='grc' dir='ltr'><strong>εί</strong></span> <span class='ocrx_word' id='word_1_403' title='bbox 531 4343 591 4407; x_wconf 89' lang='lat' dir='ltr'><strong>post</strong></span> <span class='ocrx_word' id='word_1_404' title='bbox 609 4331 696 4403; x_wconf 77' lang='grc' dir='ltr'><strong><em>ἡδονή</em></strong></span> <span class='ocrx_word' id='word_1_405' title='bbox 714 4337 802 4391; x_wconf 86' lang='lat' dir='ltr'><strong>omitti</strong></span> <span class='ocrx_word' id='word_1_406' title='bbox 821 4343 909 4406; x_wconf 82' lang='lat' dir='ltr'><strong>posset</strong></span> <span class='ocrx_word' id='word_1_407' title='bbox 928 4339 1033 4402; x_wconf 86' lang='lat' dir='ltr'><strong>elucet).</strong></span> 
     </span>
    </p>
   </div>
   <div class='ocr_carea' id='block_1_14' title="bbox 0 0 1500 5116">
    <p class='ocr_par' dir='ltr' id='par_1_16' title="bbox 0 0 1500 5116">
     <span class='ocr_line' id='line_1_40' title="bbox 0 0 1500 5116; baseline 0 0"><span class='ocrx_word' id='word_1_408' title='bbox 0 0 1500 5116; x_wconf 95' lang='lat' dir='ltr'><strong> </strong></span> 
     </span>
    </p>
   </div>
  </div>
 </body>
</html>
