2966 5072
697 499 738 562 13

198 667 357 746 inductio,
380 667 421 734 de
443 687 509 751 qua
531 667 713 752 Cicero²⁸):
743 665 888 734 inductio
915 669 982 743 est,
1012 663 1133 747 iuquit,
1157 677 1227 726 ora-

199 774 264 854 tio,
296 793 381 857 quae
409 772 508 838 rebus
541 787 607 840 non
641 772 748 839 dubiis
775 777 887 854 oaptat
920 769 1120 834 assensiones
1150 771 1227 851 ejus,

200 877 328 961 quicum
350 877 502 942 instituta
524 883 588 956 est,
610 876 727 959 quibus
750 873 990 941 assensionibus
1011 873 1106 953 feeit,
1128 877 1166 936 ut
1181 870 1229 936 illi

202 980 302 1048 dubia
324 981 484 1066 quaedam
506 1003 559 1046 res
581 986 715 1065 propter
738 979 978 1046 similitudinem
988 999 1100 1047 aarum
1110 999 1228 1058 rerum,

203 1085 322 1170 quibus
352 1087 507 1167 assensit,
540 1085 705 1169 probetur.
728 1121 772 1134 -
827 1084 871 1148 Et
900 1083 1010 1167 paullo
1041 1089 1130 1166 post:
1160 1082 1230 1148 lloe

203 1191 299 1256 modo
322 1191 479 1257 sermonis
500 1189 675 1273 plurimum
696 1188 847 1256 Socrates
869 1209 945 1254 usus
969 1194 1035 1268 est,
1059 1193 1231 1271 propterea

204 1295 292 1380 quod
313 1293 394 1363 nihil
415 1297 485 1378 ipse
507 1293 623 1358 afferre
646 1293 688 1358 ad
710 1291 966 1376 persuadendum
997 1291 1141 1372 volebat,
1173 1291 1230 1358 sed

201 1421 242 1466 ex
263 1419 320 1480 eo,
345 1399 433 1482 quod
455 1399 518 1466 sibi
539 1398 594 1462 ille
615 1398 766 1478 dederat,
790 1398 919 1481 quicum
939 1397 1146 1481 disputabat,
1173 1395 1229 1460 uli·

202 1504 280 1589 quid
302 1503 459 1570 oonfioere
480 1502 638 1581 malebat,
662 1501 749 1586 quod
770 1502 826 1566 ille
848 1521 888 1566 ex
901 1522 954 1582 eo,
977 1501 1064 1585 quod
1077 1505 1145 1586 jam
1157 1521 1230 1566 oon·

202 1609 369 1688 oossisset,
393 1608 576 1676 necessario
603 1607 784 1690 approbare
807 1605 962 1672 deberet.¹

268 1710 321 1777 Sio
341 1712 462 1797 ubique
485 1710 625 1787 erebus
647 1711 784 1776 mantne
805 1711 964 1776 concessis
986 1715 1020 1776 et
1042 1709 1229 1788 manifestis,

203 1815 244 1878 de
266 1816 384 1900 quibua
406 1817 484 1901 quia
503 1815 719 1880 interamnae
742 1814 931 1894 constabat,
954 1810 1151 1878 nernolacile
1174 1813 1230 1878 du·

204 1919 309 1984 bitere
330 1924 474 2004 poterat,
498 1919 667 2002 disputans
688 1918 851 2002 profectus
874 1923 940 1997 est,
971 1917 1047 1982 inde
1078 1917 1231 2001 colligens

203 2029 302 2106 atque
322 2023 480 2104 inferens,
503 2044 587 2106 quae
610 2023 757 2090 similiter
779 2043 857 2088 vera
877 2041 949 2086 esse
978 2021 1105 2088 inullis
1135 2023 1231 2088 rebus

204 2145 332 2194 neeesse
355 2133 436 2193 erat.
489 2127 542 2194 Sic
564 2128 631 2192 fere
653 2133 785 2194 exortus
808 2134 858 2193 est
881 2126 1063 2194 Socraticus
1085 2127 1139 2194 ille
1163 2127 1230 2194 dia·

204 2233 311 2318 logus,
342 2233 449 2300 elatus
482 2237 568 2310 erte,
593 2231 791 2310 subtilitate,
821 2231 937 2298 decore
971 2252 1069 2315 quam
1093 2232 1231 2298 maxima

205 2345 238 2404 et
260 2339 346 2423 apud
367 2345 493 2406 veteres
517 2346 550 2403 et
571 2337 659 2420 apud
680 2337 883 2419 posteritatis
898 2336 1052 2402 homines.
1097 2335 1162 2402 Sed
1174 2337 1231 2402 du·

205 2443 277 2527 plez
296 2443 460 2529 quoddam
474 2445 545 2528 ejus
561 2461 660 2526 genus
676 2441 816 2508 discerni
831 2447 949 2524 potest,
963 2441 1111 2522 alterum,
1134 2463 1232 2526 quum

180 2555 184 2564 '
204 2552 273 2634 ejus
294 2549 470 2633 participes
492 2546 577 2612 inter
610 2566 644 2612 se
673 2544 887 2629 aequabiliter
918 2545 986 2610 iere
1007 2546 1233 2632 colloquuntur

205 2659 304 2738 atque
326 2669 489 2719 sermones
511 2649 680 2728 oonfemt
701 2651 765 2730 ita,
789 2655 827 2715 ut
848 2649 965 2724 alterni
979 2649 1071 2716 alter
1091 2651 1232 2718 exalte·

206 2760 273 2826 rius
294 2757 390 2826 dietis
411 2762 470 2824 aut
491 2775 531 2822 ex
552 2775 612 2820 sua
634 2755 794 2820 sententia
815 2775 884 2820 rem
905 2776 1082 2839 quomque,
1106 2755 1145 2820 de
1168 2777 1234 2840 qua

205 2862 330 2945 agitur,
353 2857 590 2945 respondendo,
614 2858 860 2941 denegando,
888 2858 1069 2942 probando,
1097 2859 1232 2926 addubi-

205 2967 323 3046 tando,
347 2964 553 3050 corrigendo,
576 2962 781 3048 explicando,
811 2985 894 3030 nova
919 2964 1084 3032 merendo
1106 2971 1139 3030 et
1160 2985 1232 3030 nar·

205 3069 308 3138 tundo
329 3076 387 3136 aut
407 3087 599 3154 quoeunque
619 3068 757 3151 denique
776 3069 872 3134 modo
894 3069 947 3150 sit,
971 3070 1066 3137 modo
1081 3075 1234 3136 moereat

205 3175 363 3260 graviter,
385 3174 549 3242 interdum
568 3177 677 3260 jooose
700 3180 733 3238 et
762 3174 909 3244 hilariter
930 3174 1055 3260 longius
1084 3182 1141 3242 aut
1156 3175 1233 3258 lire

260 3400 309 3469 28)
325 3401 361 3453 lit
377 3403 476 3454 luunt
494 3403 513 3462 l,
532 3400 558 3468 ς,
576 3399 619 3452 bl.
658 3402 692 3453 Cf.
710 3402 814 3452 Arima
836 3401 917 3468 Topie.
938 3402 956 3461 1,
978 3400 1026 3451 ld:
1047 3427 1079 3440 -·-
1102 3399 1156 3470 χρὴ
1173 3401 1233 3454 διο-

205 3489 313 3552 λέσθαι,
333 3489 413 3550 [niort
441 3487 493 3540 τῶν
510 3488 600 3559 λόγων
617 3488 674 3554 aido
695 3488 747 3542 τῶν
764 3489 943 3542 διαλεκτικῶν.
983 3487 1053 3542 Ἐστι
1078 3489 1108 3543 di
1130 3487 1158 3542 ni
1183 3489 1234 3562 μὲν

205 3577 383 3648 enayeynj,
401 3575 429 3630 τὸ
449 3575 478 3630 di
496 3576 683 3649 συλλογισμός.
702 3607 726 3616 -
750 3576 965 3648 Ἐπαγωγὴ-
984 3576 999 3642 ἦ
1018 3575 1082 3630 dni
1100 3577 1164 3630 τῶν
1180 3597 1235 3632 κα-

206 3667 427 3720 ditaremini
446 3665 480 3718 τὰ
499 3666 651 3720 καθόλου
670 3668 809 3734 ἔφοδος·
833 3670 907 3731 olor,
933 3669 957 3722 al
973 3670 1025 3722 ἔστι
1048 3668 1062 3722 d
1080 3669 1235 3742 κυβερνήτης

207 3755 222 3809 d
237 3757 410 3830 ἐπιστάμενος
426 3757 570 3826 κράτιστος,
588 3754 635 3808 καὶ
653 3755 775 3826 ἡνίοχος·
795 3755 841 3809 καὶ
860 3753 928 3817 ὅλως
945 3757 1013 3810 ἐστὶν
1031 3756 1046 3810 ὃ
1065 3757 1236 3829 ἐπιστάμενος

205 3847 267 3914 περὶ
283 3845 392 3900 ἕκαστον
409 3845 524 3916 ἄριστος.
561 3847 694 3910 Cimoliam,
714 3850 733 3898 si
752 3849 809 3898 tantl
824 3857 868 3908 est,
881 3848 954 3912 ejusd.
974 3847 1189 3916 litator.l,l,8sq.
1200 3877 1230 3886 —

208 3935 310 4001 odam.
330 3939 410 3993 ladit.
431 3935 503 3988 Orat.
520 3937 547 3996 V,
566 3951 586 3986 e.
609 3937 640 3988 li
661 3935 723 4004 (Vol.
743 3939 750 3986 l
771 3953 794 4000 p.
816 3935 867 3988 aot
888 3937 925 3988 ed.
944 3935 1009 4005 sip.)
1052 3939 1110 3989 llam
1129 3939 1168 3989 illa
1188 3939 1235 3996 (ln-

206 4027 308 4094 uuio),
327 4043 371 4094 qu
389 4028 511 4093 plurinum
531 4029 640 4078 &natea
658 4033 695 4076 est
713 4039 784 4086 usus,
803 4027 862 4076 bane
884 4026 963 4077 habuit
981 4029 1056 4087 abur,
1075 4041 1144 4090 wem
1168 4029 1236 4092 plan

205 4119 383 4182 indemnem,
408 4133 468 4182 qnae
484 4119 551 4168 tutari
569 4117 702 4168 adversario
719 4131 816 4166 nomae
834 4125 910 4176 esset,
942 4117 1065 4166 novissimo
1085 4115 1120 4174 id,
1140 4118 1170 4167 de
1188 4133 1234 4180 quo

205 4207 374 4270 mnbatnr,
392 4209 520 4268 interebat,
539 4208 574 4258 eoi
593 4207 667 4256 simila
686 4206 849 4256 messuisset.
887 4206 912 4256 ld
931 4213 967 4258 ast
984 4206 1107 4258 inductio.
