<?xml version="1.0" encoding="UTF-8"?>
<!DOCTYPE html PUBLIC "-//W3C//DTD XHTML 1.0 Transitional//EN"
    "http://www.w3.org/TR/xhtml1/DTD/xhtml1-transitional.dtd">
<html xmlns="http://www.w3.org/1999/xhtml" xml:lang="en" lang="en">
 <head>
  <title>
</title>
<meta http-equiv="Content-Type" content="text/html;charset=utf-8" />
  <meta name='ocr-system' content='tesseract 3.04.00' />
  <meta name='ocr-capabilities' content='ocr_page ocr_carea ocr_par ocr_line ocrx_word'/>
</head>
<body>
  <div class='ocr_page' id='page_1' title='image "./dearistotelisez00thomgoog_0217.png"; bbox 0 0 2870 5076; ppageno 0'>
   <div class='ocr_carea' id='block_1_1' title="bbox 527 453 737 520">
    <p class='ocr_par' dir='ltr' id='par_1_1' title="bbox 527 453 737 520">
     <span class='ocr_line' id='line_1_1' title="bbox 527 453 737 520; baseline 0.005 -18"><span class='ocrx_word' id='word_1_1' title='bbox 527 453 737 520; x_wconf 74' lang='lat'><strong>-37-</strong></span> 
     </span>
    </p>
   </div>
   <div class='ocr_carea' id='block_1_2' title="bbox 6 619 1213 3248">
    <p class='ocr_par' dir='ltr' id='par_1_2' title="bbox 64 619 1212 1376">
     <span class='ocr_line' id='line_1_2' title="bbox 68 619 1211 714; baseline -0.004 -22"><span class='ocrx_word' id='word_1_2' title='bbox 68 624 286 714; x_wconf 77' lang='lat' dir='ltr'><strong>inpen&#39;busque</strong></span> <span class='ocrx_word' id='word_1_3' title='bbox 309 623 485 692; x_wconf 85' lang='lat' dir='ltr'><strong>defendant</strong></span> <span class='ocrx_word' id='word_1_4' title='bbox 495 623 530 710; x_wconf 87' lang='lat'><strong>¹),</strong></span> <span class='ocrx_word' id='word_1_5' title='bbox 553 633 650 714; x_wconf 86' lang='lat' dir='ltr'><strong>atque</strong></span> <span class='ocrx_word' id='word_1_6' title='bbox 673 647 799 692; x_wconf 88' lang='lat' dir='ltr'><strong>summa</strong></span> <span class='ocrx_word' id='word_1_7' title='bbox 822 621 964 690; x_wconf 86' lang='lat' dir='ltr'><strong>sollertia</strong></span> <span class='ocrx_word' id='word_1_8' title='bbox 987 630 1102 688; x_wconf 88' lang='lat' dir='ltr'><strong>natura</strong></span> <span class='ocrx_word' id='word_1_9' title='bbox 1122 619 1211 688; x_wconf 88' lang='lat' dir='ltr'><strong>nebi-</strong></span> 
     </span>
     <span class='ocr_line' id='line_1_3' title="bbox 68 725 1211 824; baseline -0.003 -23"><span class='ocrx_word' id='word_1_10' title='bbox 68 735 182 802; x_wconf 77' lang='lat' dir='ltr'><strong>iisribus</strong></span> <span class='ocrx_word' id='word_1_11' title='bbox 212 759 249 802; x_wconf 86' lang='lat' dir='ltr'><strong>ac</strong></span> <span class='ocrx_word' id='word_1_12' title='bbox 277 725 565 824; x_wconf 84' lang='lat' dir='ltr'><strong>praestantioribus</strong></span> <span class='ocrx_word' id='word_1_13' title='bbox 593 735 738 824; x_wconf 86' lang='lat' dir='ltr'><strong>corporis</strong></span> <span class='ocrx_word' id='word_1_14' title='bbox 768 735 913 824; x_wconf 87' lang='lat' dir='ltr'><strong>partibus</strong></span> <span class='ocrx_word' id='word_1_15' title='bbox 941 755 983 799; x_wconf 90' lang='lat' dir='ltr'><strong>ne</strong></span> <span class='ocrx_word' id='word_1_16' title='bbox 1005 733 1211 800; x_wconf 74' lang='lat' dir='ltr'>laederentur</span> 
     </span>
     <span class='ocr_line' id='line_1_4' title="bbox 67 842 1210 934; baseline -0.003 -22"><span class='ocrx_word' id='word_1_17' title='bbox 67 845 200 934; x_wconf 81' lang='lat' dir='ltr'><strong>previdit.</strong></span> <span class='ocrx_word' id='word_1_18' title='bbox 244 845 301 914; x_wconf 84' lang='lat' dir='ltr'><strong>Sic</strong></span> <span class='ocrx_word' id='word_1_19' title='bbox 328 845 413 918; x_wconf 90' lang='lat' dir='ltr'><strong>oculi</strong></span> <span class='ocrx_word' id='word_1_20' title='bbox 442 845 671 934; x_wconf 79' lang='lat' dir='ltr'><strong>palpebrarum</strong></span> <span class='ocrx_word' id='word_1_21' title='bbox 698 854 865 933; x_wconf 81' lang='lat' dir='ltr'><strong>tegmento</strong></span> <span class='ocrx_word' id='word_1_22' title='bbox 895 854 1037 928; x_wconf 88' lang='lat' dir='ltr'><strong>utuntur,</strong></span> <span class='ocrx_word' id='word_1_23' title='bbox 1068 842 1210 932; x_wconf 84' lang='lat' dir='ltr'><strong>nequid</strong></span> 
     </span>
     <span class='ocr_line' id='line_1_5' title="bbox 66 953 1210 1046; baseline -0.002 -24"><span class='ocrx_word' id='word_1_24' title='bbox 66 957 188 1040; x_wconf 81' lang='lat' dir='ltr'><strong>incidat,</strong></span> <span class='ocrx_word' id='word_1_25' title='bbox 228 965 326 1046; x_wconf 89' lang='lat' dir='ltr'><strong>atquc</strong></span> <span class='ocrx_word' id='word_1_26' title='bbox 362 957 464 1022; x_wconf 89' lang='lat' dir='ltr'><strong>latent</strong></span> <span class='ocrx_word' id='word_1_27' title='bbox 495 955 616 1022; x_wconf 80' lang='lat' dir='ltr'><strong>utiliter</strong></span> <span class='ocrx_word' id='word_1_28' title='bbox 648 965 682 1021; x_wconf 90' lang='lat' dir='ltr'><strong>et</strong></span> <span class='ocrx_word' id='word_1_29' title='bbox 715 956 853 1023; x_wconf 86' lang='lat' dir='ltr'><strong>excelsis</strong></span> <span class='ocrx_word' id='word_1_30' title='bbox 887 954 1031 1044; x_wconf 83' lang='lat' dir='ltr'><strong>undique</strong></span> <span class='ocrx_word' id='word_1_31' title='bbox 1065 953 1210 1043; x_wconf 87' lang='lat' dir='ltr'><strong>partibus</strong></span> 
     </span>
     <span class='ocr_line' id='line_1_6' title="bbox 66 1065 1210 1156; baseline -0.002 -24"><span class='ocrx_word' id='word_1_32' title='bbox 66 1068 245 1156; x_wconf 68' lang='lat' dir='ltr'><strong>saepiuntur.</strong></span> <span class='ocrx_word' id='word_1_33' title='bbox 280 1065 408 1132; x_wconf 86' lang='lat' dir='ltr'><strong>Pariter</strong></span> <span class='ocrx_word' id='word_1_34' title='bbox 426 1074 542 1132; x_wconf 85' lang='lat' dir='ltr'><strong>natura</strong></span> <span class='ocrx_word' id='word_1_35' title='bbox 558 1073 671 1155; x_wconf 89' lang='lat' dir='ltr'><strong>pectus</strong></span> <span class='ocrx_word' id='word_1_36' title='bbox 691 1066 826 1155; x_wconf 85' lang='lat' dir='ltr'><strong>eiusque</strong></span> <span class='ocrx_word' id='word_1_37' title='bbox 844 1075 964 1154; x_wconf 88' lang='lat' dir='ltr'><strong>partes,</strong></span> <span class='ocrx_word' id='word_1_38' title='bbox 988 1067 1108 1155; x_wconf 92' lang='lat' dir='ltr'><strong>quippe</strong></span> <span class='ocrx_word' id='word_1_39' title='bbox 1127 1087 1210 1153; x_wconf 86' lang='lat' dir='ltr'><strong>quae</strong></span> 
     </span>
     <span class='ocr_line' id='line_1_7' title="bbox 64 1175 1212 1265; baseline -0.003 -23"><span class='ocrx_word' id='word_1_40' title='bbox 64 1175 97 1242; x_wconf 79' lang='lat' dir='ltr'><strong>ad</strong></span> <span class='ocrx_word' id='word_1_41' title='bbox 117 1175 369 1244; x_wconf 80' lang='lat' dir='ltr'><strong>conservandum</strong></span> <span class='ocrx_word' id='word_1_42' title='bbox 393 1197 509 1265; x_wconf 83' lang='lat' dir='ltr'><strong>cerpus</strong></span> <span class='ocrx_word' id='word_1_43' title='bbox 533 1177 665 1244; x_wconf 84' lang='lat' dir='ltr'>maximi</span> <span class='ocrx_word' id='word_1_44' title='bbox 683 1177 747 1243; x_wconf 89' lang='lat' dir='ltr'><strong>sint</strong></span> <span class='ocrx_word' id='word_1_45' title='bbox 762 1177 928 1258; x_wconf 84' lang='lat' dir='ltr'>momenti,</span> <span class='ocrx_word' id='word_1_46' title='bbox 953 1177 1050 1242; x_wconf 89' lang='lat' dir='ltr'><strong>costis</strong></span> <span class='ocrx_word' id='word_1_47' title='bbox 1073 1175 1212 1242; x_wconf 87' lang='lat' dir='ltr'><strong>munivit</strong></span> 
     </span>
     <span class='ocr_line' id='line_1_8' title="bbox 65 1283 1209 1376; baseline -0.002 -24"><span class='ocrx_word' id='word_1_48' title='bbox 65 1295 148 1376; x_wconf 82' lang='lat' dir='ltr'><strong>atque</strong></span> <span class='ocrx_word' id='word_1_49' title='bbox 169 1309 224 1354; x_wconf 87' lang='lat' dir='ltr'><strong>eor</strong></span> <span class='ocrx_word' id='word_1_50' title='bbox 246 1296 279 1353; x_wconf 88' lang='lat' dir='ltr'><strong>et</strong></span> <span class='ocrx_word' id='word_1_51' title='bbox 302 1285 469 1354; x_wconf 84' lang='lat' dir='ltr'><strong>cerebrum</strong></span> <span class='ocrx_word' id='word_1_52' title='bbox 492 1287 697 1354; x_wconf 77' lang='lat' dir='ltr'>validissimis</span> <span class='ocrx_word' id='word_1_53' title='bbox 724 1287 919 1353; x_wconf 84' lang='lat' dir='ltr'>membranis</span> <span class='ocrx_word' id='word_1_54' title='bbox 950 1285 1161 1354; x_wconf 83' lang='lat' dir='ltr'><strong>circumdedit</strong></span> <span class='ocrx_word' id='word_1_55' title='bbox 1170 1283 1209 1374; x_wconf 82' lang='lat'><strong>¹).</strong></span> 
     </span>
    </p>

    <p class='ocr_par' dir='ltr' id='par_1_3' title="bbox 63 1396 1213 2919">
     <span class='ocr_line' id='line_1_9' title="bbox 135 1396 1211 1486; baseline -0.003 -22"><span class='ocrx_word' id='word_1_56' title='bbox 135 1397 233 1464; x_wconf 83' lang='lat' dir='ltr'><strong>Porro</strong></span> <span class='ocrx_word' id='word_1_57' title='bbox 256 1419 297 1464; x_wconf 86' lang='lat' dir='ltr'><strong>ex</strong></span> <span class='ocrx_word' id='word_1_58' title='bbox 313 1419 351 1462; x_wconf 87' lang='lat' dir='ltr'><strong>eo</strong></span> <span class='ocrx_word' id='word_1_59' title='bbox 366 1396 452 1484; x_wconf 88' lang='lat' dir='ltr'><strong>qnod</strong></span> <span class='ocrx_word' id='word_1_60' title='bbox 468 1397 598 1486; x_wconf 86' lang='lat' dir='ltr'><strong>plantae</strong></span> <span class='ocrx_word' id='word_1_61' title='bbox 618 1407 650 1463; x_wconf 93' lang='lat' dir='ltr'><strong>et</strong></span> <span class='ocrx_word' id='word_1_62' title='bbox 665 1397 816 1463; x_wconf 86' lang='lat' dir='ltr'><strong>animalia</strong></span> <span class='ocrx_word' id='word_1_63' title='bbox 832 1398 930 1464; x_wconf 82' lang='lat' dir='ltr'><strong>vitam</strong></span> <span class='ocrx_word' id='word_1_64' title='bbox 954 1407 1112 1486; x_wconf 87' lang='lat' dir='ltr'><strong>appetunt</strong></span> <span class='ocrx_word' id='word_1_65' title='bbox 1129 1419 1211 1462; x_wconf 87' lang='lat' dir='ltr'><strong>eam·</strong></span> 
     </span>
     <span class='ocr_line' id='line_1_10' title="bbox 64 1507 1210 1597; baseline 0.001 -24"><span class='ocrx_word' id='word_1_66' title='bbox 64 1527 117 1593; x_wconf 85' lang='lat' dir='ltr'><strong>que</strong></span> <span class='ocrx_word' id='word_1_67' title='bbox 141 1507 270 1574; x_wconf 85' lang='lat' dir='ltr'><strong>student</strong></span> <span class='ocrx_word' id='word_1_68' title='bbox 296 1529 506 1588; x_wconf 84' lang='lat' dir='ltr'><strong>conservare,</strong></span> <span class='ocrx_word' id='word_1_69' title='bbox 537 1517 649 1575; x_wconf 86' lang='lat' dir='ltr'><strong>manat</strong></span> <span class='ocrx_word' id='word_1_70' title='bbox 675 1507 706 1572; x_wconf 90' lang='lat' dir='ltr'><strong>id</strong></span> <span class='ocrx_word' id='word_1_71' title='bbox 738 1529 868 1597; x_wconf 88' lang='lat' dir='ltr'><strong>quoquc</strong></span> <span class='ocrx_word' id='word_1_72' title='bbox 896 1508 981 1595; x_wconf 89' lang='lat' dir='ltr'><strong>quod</strong></span> <span class='ocrx_word' id='word_1_73' title='bbox 1011 1507 1210 1574; x_wconf 85' lang='lat' dir='ltr'><strong>nutrimento</strong></span> 
     </span>
     <span class='ocr_line' id='line_1_11' title="bbox 63 1617 1210 1707; baseline 0.003 -26"><span class='ocrx_word' id='word_1_74' title='bbox 63 1627 181 1684; x_wconf 85' lang='lat' dir='ltr'><strong>utuntur</strong></span> <span class='ocrx_word' id='word_1_75' title='bbox 204 1629 237 1685; x_wconf 90' lang='lat' dir='ltr'><strong>et</strong></span> <span class='ocrx_word' id='word_1_76' title='bbox 258 1627 430 1706; x_wconf 85' lang='lat' dir='ltr'><strong>procreant</strong></span> <span class='ocrx_word' id='word_1_77' title='bbox 451 1618 586 1705; x_wconf 87' lang='lat' dir='ltr'><strong>prolem.</strong></span> <span class='ocrx_word' id='word_1_78' title='bbox 627 1617 773 1684; x_wconf 85' lang='lat' dir='ltr'><strong>Maxime</strong></span> <span class='ocrx_word' id='word_1_79' title='bbox 796 1619 880 1684; x_wconf 91' lang='lat' dir='ltr'><strong>enim</strong></span> <span class='ocrx_word' id='word_1_80' title='bbox 903 1620 1052 1685; x_wconf 86' lang='lat' dir='ltr'><strong>naturale</strong></span> <span class='ocrx_word' id='word_1_81' title='bbox 1075 1641 1210 1707; x_wconf 90' lang='lat' dir='ltr'><strong>operum</strong></span> 
     </span>
     <span class='ocr_line' id='line_1_12' title="bbox 64 1729 1209 1817; baseline 0.003 -26"><span class='ocrx_word' id='word_1_82' title='bbox 64 1737 104 1792; x_wconf 83' lang='lat' dir='ltr'><strong>est</strong></span> <span class='ocrx_word' id='word_1_83' title='bbox 122 1729 281 1811; x_wconf 82' lang='lat' dir='ltr'><strong>animatis,</strong></span> <span class='ocrx_word' id='word_1_84' title='bbox 311 1729 455 1816; x_wconf 81' lang='lat' dir='ltr'><strong>perfecta</strong></span> <span class='ocrx_word' id='word_1_85' title='bbox 484 1751 568 1816; x_wconf 87' lang='lat' dir='ltr'><strong>quae</strong></span> <span class='ocrx_word' id='word_1_86' title='bbox 596 1739 671 1794; x_wconf 90' lang='lat' dir='ltr'><strong>sunt</strong></span> <span class='ocrx_word' id='word_1_87' title='bbox 695 1737 727 1793; x_wconf 89' lang='lat' dir='ltr'><strong>et</strong></span> <span class='ocrx_word' id='word_1_88' title='bbox 748 1750 812 1794; x_wconf 89' lang='lat' dir='ltr'><strong>non</strong></span> <span class='ocrx_word' id='word_1_89' title='bbox 837 1729 948 1794; x_wconf 88' lang='lat' dir='ltr'><strong>mutila</strong></span> <span class='ocrx_word' id='word_1_90' title='bbox 976 1751 1082 1817; x_wconf 88' lang='lat' dir='ltr'><strong>nequc</strong></span> <span class='ocrx_word' id='word_1_91' title='bbox 1105 1739 1209 1794; x_wconf 89' lang='lat' dir='ltr'><strong>crtum</strong></span> 
     </span>
     <span class='ocr_line' id='line_1_13' title="bbox 64 1835 1210 1928; baseline 0.003 -28"><span class='ocrx_word' id='word_1_92' title='bbox 64 1835 169 1904; x_wconf 83' lang='lat' dir='ltr'><strong>habent</strong></span> <span class='ocrx_word' id='word_1_93' title='bbox 193 1849 421 1928; x_wconf 87' lang='lat' dir='ltr'><strong>spontaneum,</strong></span> <span class='ocrx_word' id='word_1_94' title='bbox 452 1839 582 1905; x_wconf 87' lang='lat' dir='ltr'><strong>efficere</strong></span> <span class='ocrx_word' id='word_1_95' title='bbox 611 1840 676 1905; x_wconf 89' lang='lat' dir='ltr'><strong>alia</strong></span> <span class='ocrx_word' id='word_1_96' title='bbox 702 1839 751 1903; x_wconf 90' lang='lat' dir='ltr'><strong>sui</strong></span> <span class='ocrx_word' id='word_1_97' title='bbox 779 1839 927 1927; x_wconf 84' lang='lat' dir='ltr'><strong>generis,</strong></span> <span class='ocrx_word' id='word_1_98' title='bbox 959 1839 1059 1905; x_wconf 86' lang='lat' dir='ltr'><strong>veluti</strong></span> <span class='ocrx_word' id='word_1_99' title='bbox 1091 1839 1210 1905; x_wconf 88' lang='lat' dir='ltr'><strong>animal</strong></span> 
     </span>
     <span class='ocr_line' id='line_1_14' title="bbox 65 1946 1212 2038; baseline -0.001 -26"><span class='ocrx_word' id='word_1_100' title='bbox 65 1947 177 2033; x_wconf 87' lang='lat' dir='ltr'><strong>quidem</strong></span> <span class='ocrx_word' id='word_1_101' title='bbox 199 1949 333 2032; x_wconf 85' lang='lat' dir='ltr'><strong>animal,</strong></span> <span class='ocrx_word' id='word_1_102' title='bbox 363 1949 507 2038; x_wconf 84' lang='lat' dir='ltr'><strong>plantam</strong></span> <span class='ocrx_word' id='word_1_103' title='bbox 530 1950 640 2038; x_wconf 85' lang='lat' dir='ltr'><strong>planta</strong></span> <span class='ocrx_word' id='word_1_104' title='bbox 662 1959 833 2038; x_wconf 82' lang='lat' dir='ltr'><strong>procreat,</strong></span> <span class='ocrx_word' id='word_1_105' title='bbox 855 1959 891 2015; x_wconf 91' lang='lat' dir='ltr'><strong>ut</strong></span> <span class='ocrx_word' id='word_1_106' title='bbox 913 1959 1081 2016; x_wconf 89' lang='lat' dir='ltr'><strong>aeternum</strong></span> <span class='ocrx_word' id='word_1_107' title='bbox 1105 1971 1143 2014; x_wconf 91' lang='lat' dir='ltr'><strong>ac</strong></span> <span class='ocrx_word' id='word_1_108' title='bbox 1167 1946 1212 2012; x_wconf 87' lang='lat' dir='ltr'><strong>di·</strong></span> 
     </span>
     <span class='ocr_line' id='line_1_15' title="bbox 64 2051 1211 2150; baseline 0.004 -29"><span class='ocrx_word' id='word_1_109' title='bbox 64 2057 174 2144; x_wconf 78' lang='lat' dir='ltr'><strong>vinum,</strong></span> <span class='ocrx_word' id='word_1_110' title='bbox 205 2051 362 2150; x_wconf 75' lang='lat' dir='ltr'><strong>qnantum</strong></span> <span class='ocrx_word' id='word_1_111' title='bbox 390 2059 460 2125; x_wconf 85' lang='lat' dir='ltr'><strong>fieri</strong></span> <span class='ocrx_word' id='word_1_112' title='bbox 487 2070 613 2150; x_wconf 86' lang='lat' dir='ltr'><strong>potest,</strong></span> <span class='ocrx_word' id='word_1_113' title='bbox 641 2059 849 2149; x_wconf 77' lang='lat' dir='ltr'><strong>participent.</strong></span> <span class='ocrx_word' id='word_1_114' title='bbox 893 2059 980 2125; x_wconf 88' lang='lat' dir='ltr'><strong>Nam</strong></span> <span class='ocrx_word' id='word_1_115' title='bbox 1002 2060 1110 2126; x_wconf 88' lang='lat' dir='ltr'><strong>omnia</strong></span> <span class='ocrx_word' id='word_1_116' title='bbox 1130 2059 1211 2126; x_wconf 87' lang='lat' dir='ltr'><strong>illud</strong></span> 
     </span>
     <span class='ocr_line' id='line_1_16' title="bbox 64 2170 1213 2260; baseline 0.001 -24"><span class='ocrx_word' id='word_1_117' title='bbox 64 2179 323 2260; x_wconf 69' lang='lat' dir='ltr'><strong>apparentesque</strong></span> <span class='ocrx_word' id='word_1_118' title='bbox 348 2170 416 2236; x_wconf 89' lang='lat' dir='ltr'><strong>cius</strong></span> <span class='ocrx_word' id='word_1_119' title='bbox 439 2192 539 2237; x_wconf 83' lang='lat' dir='ltr'><strong>censa</strong></span> <span class='ocrx_word' id='word_1_120' title='bbox 560 2171 684 2238; x_wconf 82' lang='lat' dir='ltr'><strong>faciunt</strong></span> <span class='ocrx_word' id='word_1_121' title='bbox 707 2191 792 2260; x_wconf 88' lang='lat' dir='ltr'><strong>quac</strong></span> <span class='ocrx_word' id='word_1_122' title='bbox 814 2170 938 2236; x_wconf 83' lang='lat' dir='ltr'><strong>iaciunt</strong></span> <span class='ocrx_word' id='word_1_123' title='bbox 960 2170 1136 2238; x_wconf 88' lang='lat' dir='ltr'><strong>secundum</strong></span> <span class='ocrx_word' id='word_1_124' title='bbox 1159 2195 1213 2237; x_wconf 87' lang='lat' dir='ltr'><strong>na·</strong></span> 
     </span>
     <span class='ocr_line' id='line_1_17' title="bbox 65 2281 1210 2370; baseline 0.004 -29"><span class='ocrx_word' id='word_1_125' title='bbox 65 2287 165 2347; x_wconf 85' lang='lat' dir='ltr'><strong>turam.</strong></span> <span class='ocrx_word' id='word_1_126' title='bbox 208 2281 292 2349; x_wconf 84' lang='lat' dir='ltr'><strong>Cum</strong></span> <span class='ocrx_word' id='word_1_127' title='bbox 314 2291 421 2350; x_wconf 86' lang='lat' dir='ltr'><strong>autem</strong></span> <span class='ocrx_word' id='word_1_128' title='bbox 444 2291 613 2348; x_wconf 86' lang='lat' dir='ltr'><strong>aeternum</strong></span> <span class='ocrx_word' id='word_1_129' title='bbox 636 2291 736 2370; x_wconf 88' lang='lat' dir='ltr'><strong>atque</strong></span> <span class='ocrx_word' id='word_1_130' title='bbox 758 2281 902 2348; x_wconf 81' lang='lat' dir='ltr'><strong>divinum</strong></span> <span class='ocrx_word' id='word_1_131' title='bbox 929 2282 1123 2370; x_wconf 87' lang='lat' dir='ltr'><strong>participare</strong></span> <span class='ocrx_word' id='word_1_132' title='bbox 1146 2304 1210 2347; x_wconf 91' lang='lat' dir='ltr'><strong>non</strong></span> 
     </span>
     <span class='ocr_line' id='line_1_18' title="bbox 66 2390 1212 2482; baseline 0.001 -28"><span class='ocrx_word' id='word_1_133' title='bbox 66 2391 171 2474; x_wconf 86' lang='lat' dir='ltr'><strong>possint</strong></span> <span class='ocrx_word' id='word_1_134' title='bbox 192 2392 279 2458; x_wconf 82' lang='lat' dir='ltr'><strong>vitae</strong></span> <span class='ocrx_word' id='word_1_135' title='bbox 302 2392 527 2474; x_wconf 84' lang='lat' dir='ltr'><strong>continuitate,</strong></span> <span class='ocrx_word' id='word_1_136' title='bbox 552 2393 704 2480; x_wconf 87' lang='lat' dir='ltr'><strong>quoniam</strong></span> <span class='ocrx_word' id='word_1_137' title='bbox 727 2392 807 2459; x_wconf 91' lang='lat' dir='ltr'><strong>nihil</strong></span> <span class='ocrx_word' id='word_1_138' title='bbox 830 2391 933 2458; x_wconf 87' lang='lat' dir='ltr'><strong>exiis</strong></span> <span class='ocrx_word' id='word_1_139' title='bbox 957 2415 1041 2482; x_wconf 87' lang='lat' dir='ltr'><strong>quac</strong></span> <span class='ocrx_word' id='word_1_140' title='bbox 1063 2390 1212 2456; x_wconf 86' lang='lat' dir='ltr'><strong>mortalia</strong></span> 
     </span>
     <span class='ocr_line' id='line_1_19' title="bbox 64 2501 1212 2592; baseline 0.002 -28"><span class='ocrx_word' id='word_1_141' title='bbox 64 2508 125 2566; x_wconf 84' lang='lat' dir='ltr'><strong>suut</strong></span> <span class='ocrx_word' id='word_1_142' title='bbox 144 2523 276 2570; x_wconf 85' lang='lat' dir='ltr'><strong>numero</strong></span> <span class='ocrx_word' id='word_1_143' title='bbox 298 2524 397 2570; x_wconf 89' lang='lat' dir='ltr'><strong>uuum</strong></span> <span class='ocrx_word' id='word_1_144' title='bbox 420 2513 454 2568; x_wconf 88' lang='lat' dir='ltr'><strong>et</strong></span> <span class='ocrx_word' id='word_1_145' title='bbox 475 2502 562 2570; x_wconf 87' lang='lat' dir='ltr'><strong>idem</strong></span> <span class='ocrx_word' id='word_1_146' title='bbox 585 2511 708 2584; x_wconf 88' lang='lat' dir='ltr'><strong>manet,</strong></span> <span class='ocrx_word' id='word_1_147' title='bbox 742 2525 807 2592; x_wconf 89' lang='lat' dir='ltr'><strong>qua</strong></span> <span class='ocrx_word' id='word_1_148' title='bbox 828 2504 955 2569; x_wconf 87' lang='lat' dir='ltr'><strong>ratione</strong></span> <span class='ocrx_word' id='word_1_149' title='bbox 978 2503 1119 2591; x_wconf 90' lang='lat' dir='ltr'><strong>quidque</strong></span> <span class='ocrx_word' id='word_1_150' title='bbox 1144 2501 1212 2568; x_wconf 87' lang='lat' dir='ltr'><strong>eius</strong></span> 
     </span>
     <span class='ocr_line' id='line_1_20' title="bbox 64 2611 1211 2701; baseline -0.001 -22"><span class='ocrx_word' id='word_1_151' title='bbox 64 2611 206 2699; x_wconf 68' lang='lat' dir='ltr'><strong>particeps</strong></span> <span class='ocrx_word' id='word_1_152' title='bbox 233 2635 305 2679; x_wconf 86' lang='lat' dir='ltr'><strong>esee</strong></span> <span class='ocrx_word' id='word_1_153' title='bbox 334 2624 456 2701; x_wconf 90' lang='lat' dir='ltr'><strong>potest,</strong></span> <span class='ocrx_word' id='word_1_154' title='bbox 487 2636 526 2678; x_wconf 91' lang='lat' dir='ltr'><strong>ea</strong></span> <span class='ocrx_word' id='word_1_155' title='bbox 553 2612 731 2700; x_wconf 86' lang='lat' dir='ltr'><strong>participat</strong></span> <span class='ocrx_word' id='word_1_156' title='bbox 757 2622 857 2700; x_wconf 87' lang='lat' dir='ltr'><strong>atque</strong></span> <span class='ocrx_word' id='word_1_157' title='bbox 885 2626 995 2679; x_wconf 87' lang='lat' dir='ltr'><strong>manet</strong></span> <span class='ocrx_word' id='word_1_158' title='bbox 1022 2635 1087 2678; x_wconf 89' lang='lat' dir='ltr'><strong>nen</strong></span> <span class='ocrx_word' id='word_1_159' title='bbox 1114 2611 1211 2688; x_wconf 87' lang='lat' dir='ltr'><strong>idem,</strong></span> 
     </span>
     <span class='ocr_line' id='line_1_21' title="bbox 63 2721 1211 2813; baseline 0.001 -26"><span class='ocrx_word' id='word_1_160' title='bbox 63 2739 160 2788; x_wconf 77' lang='lat' dir='ltr'><strong>verum</strong></span> <span class='ocrx_word' id='word_1_161' title='bbox 181 2724 278 2811; x_wconf 84' lang='lat' dir='ltr'><strong>quale</strong></span> <span class='ocrx_word' id='word_1_162' title='bbox 300 2723 405 2813; x_wconf 88' lang='lat' dir='ltr'><strong>ipsum</strong></span> <span class='ocrx_word' id='word_1_163' title='bbox 429 2733 487 2807; x_wconf 86' lang='lat' dir='ltr'><strong>est,</strong></span> <span class='ocrx_word' id='word_1_164' title='bbox 509 2745 645 2788; x_wconf 85' lang='lat' dir='ltr'><strong>numero</strong></span> <span class='ocrx_word' id='word_1_165' title='bbox 661 2722 791 2809; x_wconf 87' lang='lat' dir='ltr'><strong>quidem</strong></span> <span class='ocrx_word' id='word_1_166' title='bbox 809 2743 873 2788; x_wconf 87' lang='lat' dir='ltr'><strong>non</strong></span> <span class='ocrx_word' id='word_1_167' title='bbox 896 2746 1007 2806; x_wconf 88' lang='lat' dir='ltr'><strong>unum,</strong></span> <span class='ocrx_word' id='word_1_168' title='bbox 1032 2721 1089 2790; x_wconf 88' lang='lat' dir='ltr'><strong>sed</strong></span> <span class='ocrx_word' id='word_1_169' title='bbox 1112 2744 1211 2788; x_wconf 87' lang='lat' dir='ltr'><strong>unum</strong></span> 
     </span>
     <span class='ocr_line' id='line_1_22' title="bbox 63 2831 199 2919; baseline 0.007 -22"><span class='ocrx_word' id='word_1_170' title='bbox 63 2831 199 2919; x_wconf 55' lang='lat' dir='ltr'><strong>specim).</strong></span> 
     </span>
    </p>

    <p class='ocr_par' dir='ltr' id='par_1_4' title="bbox 6 2942 1213 3258">
     <span class='ocr_line' id='line_1_23' title="bbox 132 2942 1212 3034; baseline 0 -26"><span class='ocrx_word' id='word_1_171' title='bbox 132 2942 184 3010; x_wconf 80' lang='lat' dir='ltr'><strong>Sic</strong></span> <span class='ocrx_word' id='word_1_172' title='bbox 211 2965 324 3012; x_wconf 90' lang='lat' dir='ltr'><strong>omnes</strong></span> <span class='ocrx_word' id='word_1_173' title='bbox 351 2955 487 3012; x_wconf 86' lang='lat' dir='ltr'><strong>naturae</strong></span> <span class='ocrx_word' id='word_1_174' title='bbox 514 2943 615 3011; x_wconf 86' lang='lat' dir='ltr'><strong>vitam</strong></span> <span class='ocrx_word' id='word_1_175' title='bbox 644 2952 803 3032; x_wconf 88' lang='lat' dir='ltr'><strong>appetunt</strong></span> <span class='ocrx_word' id='word_1_176' title='bbox 835 2953 993 3034; x_wconf 89' lang='lat' dir='ltr'><strong>actusque</strong></span> <span class='ocrx_word' id='word_1_177' title='bbox 1026 2944 1105 3032; x_wconf 90' lang='lat' dir='ltr'><strong>ipsis</strong></span> <span class='ocrx_word' id='word_1_178' title='bbox 1140 2966 1212 3031; x_wconf 91' lang='lat' dir='ltr'><strong>prc-</strong></span> 
     </span>
     <span class='ocr_line' id='line_1_24' title="bbox 6 3051 1213 3150; baseline -0.001 -30"><span class='ocrx_word' id='word_1_179' title='bbox 6 3143 8 3150; x_wconf 84' lang='lat'><strong>.</strong></span> <span class='ocrx_word' id='word_1_180' title='bbox 62 3051 134 3136; x_wconf 83' lang='lat' dir='ltr'><strong>prius</strong></span> <span class='ocrx_word' id='word_1_181' title='bbox 155 3054 355 3122; x_wconf 80' lang='lat' dir='ltr'><strong>exhibendos</strong></span> <span class='ocrx_word' id='word_1_182' title='bbox 377 3067 475 3144; x_wconf 86' lang='lat' dir='ltr'><strong>atque</strong></span> <span class='ocrx_word' id='word_1_183' title='bbox 499 3053 632 3122; x_wconf 86' lang='lat' dir='ltr'><strong>student</strong></span> <span class='ocrx_word' id='word_1_184' title='bbox 653 3056 755 3123; x_wconf 85' lang='lat' dir='ltr'><strong>vitam</strong></span> <span class='ocrx_word' id='word_1_185' title='bbox 778 3077 973 3121; x_wconf 84' lang='lat' dir='ltr'><strong>conservare</strong></span> <span class='ocrx_word' id='word_1_186' title='bbox 989 3065 1022 3120; x_wconf 89' lang='lat' dir='ltr'><strong>et</strong></span> <span class='ocrx_word' id='word_1_187' title='bbox 1038 3055 1213 3144; x_wconf 86' lang='lat' dir='ltr'><strong>participes</strong></span> 
     </span>
     <span class='ocr_line' id='line_1_25' title="bbox 62 3159 1211 3248; baseline 0.003 -21.814"><span class='ocrx_word' id='word_1_188' title='bbox 62 3159 118 3230; x_wconf 84' lang='lat' dir='ltr'><strong>fieri</strong></span> <span class='ocrx_word' id='word_1_189' title='bbox 138 3165 348 3232; x_wconf 81' lang='lat' dir='ltr'><strong>aeternitatis.</strong></span> <span class='ocrx_word' id='word_1_190' title='bbox 388 3165 481 3246; x_wconf 83' lang='lat' dir='ltr'><strong>Quae</strong></span> <span class='ocrx_word' id='word_1_191' title='bbox 505 3165 614 3232; x_wconf 89' lang='lat' dir='ltr'><strong>omnia</strong></span> <span class='ocrx_word' id='word_1_192' title='bbox 633 3166 767 3248; x_wconf 83' lang='lat' dir='ltr'><strong>faciunt,</strong></span> <span class='ocrx_word' id='word_1_193' title='bbox 791 3187 865 3232; x_wconf 90' lang='lat' dir='ltr'><strong>cum</strong></span> <span class='ocrx_word' id='word_1_194' title='bbox 885 3165 950 3233; x_wconf 90' lang='lat' dir='ltr'><strong>sint</strong></span> <span class='ocrx_word' id='word_1_195' title='bbox 971 3167 1065 3232; x_wconf 89' lang='lat' dir='ltr'><strong>bona.</strong></span> <span class='ocrx_word' id='word_1_196' title='bbox 1102 3165 1211 3231; x_wconf 87' lang='lat' dir='ltr'>Homo</span> 
     </span>
    </p>
   </div>
   <div class='ocr_carea' id='block_1_3' title="bbox 60 3454 1219 4582">
    <p class='ocr_par' dir='ltr' id='par_1_5' title="bbox 123 3454 456 3523">
     <span class='ocr_line' id='line_1_26' title="bbox 123 3454 456 3523; baseline -0.009 -17"><span class='ocrx_word' id='word_1_197' title='bbox 123 3454 198 3520; x_wconf 76' lang='lat' dir='ltr'><strong>¹)Dc</strong></span> <span class='ocrx_word' id='word_1_198' title='bbox 215 3461 283 3523; x_wconf 77' lang='lat' dir='ltr'><strong>part.</strong></span> <span class='ocrx_word' id='word_1_199' title='bbox 302 3471 343 3506; x_wconf 79' lang='lat' dir='ltr'><strong>an.</strong></span> <span class='ocrx_word' id='word_1_200' title='bbox 363 3455 412 3517; x_wconf 89' lang='lat'>111,</span> <span class='ocrx_word' id='word_1_201' title='bbox 432 3461 456 3506; x_wconf 82' lang='lat'><strong>2.</strong></span> 
     </span>
    </p>

    <p class='ocr_par' dir='ltr' id='par_1_6' title="bbox 60 3535 1218 4142">
     <span class='ocr_line' id='line_1_27' title="bbox 120 3535 1217 3614; baseline -0.004 -18"><span class='ocrx_word' id='word_1_202' title='bbox 120 3541 486 3609; x_wconf 74' lang='lat' dir='ltr'><strong>&#39;)1..1.11‚s.easbss:</strong></span> <span class='ocrx_word' id='word_1_203' title='bbox 511 3546 567 3600; x_wconf 82' lang='grc' dir='ltr'><em>τοῖς</em></span> <span class='ocrx_word' id='word_1_204' title='bbox 591 3543 645 3614; x_wconf 71' lang='grc' dir='ltr'><em>μὲν</em></span> <span class='ocrx_word' id='word_1_205' title='bbox 669 3535 720 3597; x_wconf 77' lang='grc' dir='ltr'><em>οὖν</em></span> <span class='ocrx_word' id='word_1_206' title='bbox 739 3535 833 3601; x_wconf 70' lang='grc' dir='ltr'><strong>ἄλλοις</strong></span> <span class='ocrx_word' id='word_1_207' title='bbox 851 3537 966 3596; x_wconf 78' lang='grc' dir='ltr'><em>ὕπεστιν</em></span> <span class='ocrx_word' id='word_1_208' title='bbox 984 3537 1054 3595; x_wconf 76' lang='grc' dir='ltr'><em>ὀστᾶ</em></span> <span class='ocrx_word' id='word_1_209' title='bbox 1074 3544 1129 3599; x_wconf 81' lang='grc' dir='ltr'><em>τοῖς</em></span> <span class='ocrx_word' id='word_1_210' title='bbox 1149 3555 1217 3610; x_wconf 73' lang='grc' dir='ltr'><strong><em>σαρ-</em></strong></span> 
     </span>
     <span class='ocr_line' id='line_1_28' title="bbox 60 3623 1214 3702; baseline -0.002 -22"><span class='ocrx_word' id='word_1_211' title='bbox 60 3626 143 3684; x_wconf 65' lang='lat' dir='ltr'><strong>sure«</strong></span> <span class='ocrx_word' id='word_1_212' title='bbox 165 3634 292 3702; x_wconf 67' lang='lat' dir='ltr'><strong>proptera,</strong></span> <span class='ocrx_word' id='word_1_213' title='bbox 315 3635 372 3690; x_wconf 79' lang='grc' dir='ltr'><strong>τοῖς</strong></span> <span class='ocrx_word' id='word_1_214' title='bbox 393 3631 448 3701; x_wconf 72' lang='grc' dir='ltr'><em>μὲν</em></span> <span class='ocrx_word' id='word_1_215' title='bbox 473 3633 649 3701; x_wconf 72' lang='grc' dir='ltr'><strong>κινουμένοις</strong></span> <span class='ocrx_word' id='word_1_216' title='bbox 672 3629 719 3684; x_wconf 78' lang='grc' dir='ltr'><strong>διὰ</strong></span> <span class='ocrx_word' id='word_1_217' title='bbox 738 3623 850 3701; x_wconf 81' lang='grc' dir='ltr'><em>κάμψιν</em></span> <span class='ocrx_word' id='word_1_218' title='bbox 867 3626 968 3684; x_wconf 81' lang='grc' dir='ltr'><em>τούτου</em></span> <span class='ocrx_word' id='word_1_219' title='bbox 984 3625 1084 3700; x_wconf 72' lang='grc' dir='ltr'><em>χίριν,</em></span> <span class='ocrx_word' id='word_1_220' title='bbox 1110 3633 1166 3687; x_wconf 83' lang='grc' dir='ltr'><strong>τοῖς</strong></span> <span class='ocrx_word' id='word_1_221' title='bbox 1185 3625 1214 3678; x_wconf 75' lang='grc' dir='ltr'><strong>δ’</strong></span> 
     </span>
     <span class='ocr_line' id='line_1_29' title="bbox 61 3711 1217 3792; baseline -0.003 -20"><span class='ocrx_word' id='word_1_222' title='bbox 61 3711 181 3784; x_wconf 67' lang='lat' dir='ltr'><strong>invium</strong></span> <span class='ocrx_word' id='word_1_223' title='bbox 199 3719 327 3790; x_wconf 71' lang='grc' dir='ltr'><strong><em>φυλακῆς</em></strong></span> <span class='ocrx_word' id='word_1_224' title='bbox 345 3718 447 3788; x_wconf 73' lang='grc' dir='ltr'><em>ἕνεκεν,</em></span> <span class='ocrx_word' id='word_1_225' title='bbox 472 3711 534 3772; x_wconf 75' lang='grc' dir='ltr'><em>οἷον</em></span> <span class='ocrx_word' id='word_1_226' title='bbox 558 3721 588 3772; x_wconf 81' lang='lat' dir='ltr'><strong>ut</strong></span> <span class='ocrx_word' id='word_1_227' title='bbox 607 3722 805 3790; x_wconf 75' lang='grc' dir='ltr'><strong>συγκλείουσαν</strong></span> <span class='ocrx_word' id='word_1_228' title='bbox 825 3719 944 3792; x_wconf 68' lang='grc' dir='ltr'><strong>πλευραὶ</strong></span> <span class='ocrx_word' id='word_1_229' title='bbox 962 3716 992 3772; x_wconf 80' lang='grc' dir='ltr'><strong>τό</strong></span> <span class='ocrx_word' id='word_1_230' title='bbox 1013 3718 1115 3782; x_wconf 68' lang='grc' dir='ltr'><em>στῆθος</em></span> <span class='ocrx_word' id='word_1_231' title='bbox 1134 3731 1217 3782; x_wconf 77' lang='grc' dir='ltr'><em>σωτη-</em></span> 
     </span>
     <span class='ocr_line' id='line_1_30' title="bbox 61 3803 1216 3880; baseline -0.008 -16"><span class='ocrx_word' id='word_1_232' title='bbox 61 3807 109 3870; x_wconf 60' lang='grc' dir='ltr'><strong>ρίας</strong></span> <span class='ocrx_word' id='word_1_233' title='bbox 120 3803 204 3876; x_wconf 73' lang='grc' dir='ltr'><em>χάριν</em></span> <span class='ocrx_word' id='word_1_234' title='bbox 222 3807 277 3862; x_wconf 75' lang='grc' dir='ltr'><em>τῶν</em></span> <span class='ocrx_word' id='word_1_235' title='bbox 295 3809 358 3880; x_wconf 72' lang='grc' dir='ltr'><strong>περὶ</strong></span> <span class='ocrx_word' id='word_1_236' title='bbox 381 3805 430 3876; x_wconf 79' lang='grc' dir='ltr'><em>τὴν</em></span> <span class='ocrx_word' id='word_1_237' title='bbox 455 3804 578 3874; x_wconf 75' lang='grc' dir='ltr'><strong><em>καρδίαν</em></strong></span> <span class='ocrx_word' id='word_1_238' title='bbox 597 3803 779 3876; x_wconf 73' lang='grc' dir='ltr'><em>σπλάγχνων.</em></span> <span class='ocrx_word' id='word_1_239' title='bbox 816 3809 864 3872; x_wconf 87' lang='grc' dir='ltr'><strong>ΙΠ,</strong></span> <span class='ocrx_word' id='word_1_240' title='bbox 887 3813 927 3858; x_wconf 82' lang='grc'><strong>11.</strong></span> <span class='ocrx_word' id='word_1_241' title='bbox 948 3810 999 3860; x_wconf 79' lang='grc'><strong>673</strong></span> <span class='ocrx_word' id='word_1_242' title='bbox 1011 3807 1029 3858; x_wconf 92' lang='lat' dir='ltr'>b</span> <span class='ocrx_word' id='word_1_243' title='bbox 1043 3811 1070 3857; x_wconf 86' lang='lat'><strong>8:</strong></span> <span class='ocrx_word' id='word_1_244' title='bbox 1089 3807 1216 3874; x_wconf 73' lang='grc' dir='ltr'><em>μέγιστοι</em></span> 
     </span>
     <span class='ocr_line' id='line_1_31' title="bbox 61 3889 1218 3966; baseline 0.002 -26"><span class='ocrx_word' id='word_1_245' title='bbox 61 3889 84 3942; x_wconf 82' lang='lat' dir='ltr'><strong>u</strong></span> <span class='ocrx_word' id='word_1_246' title='bbox 100 3895 142 3946; x_wconf 77' lang='lat' dir='ltr'><strong>aut</strong></span> <span class='ocrx_word' id='word_1_247' title='bbox 164 3891 340 3966; x_wconf 75' lang='grc' dir='ltr'><em>λσχυρότιιτοι</em></span> <span class='ocrx_word' id='word_1_248' title='bbox 363 3896 418 3948; x_wconf 82' lang='grc' dir='ltr'><em>τῶν</em></span> <span class='ocrx_word' id='word_1_249' title='bbox 442 3891 556 3966; x_wconf 73' lang='grc' dir='ltr'><em>ὑμένων</em></span> <span class='ocrx_word' id='word_1_250' title='bbox 578 3897 649 3950; x_wconf 68' lang='grc' dir='ltr'><em>εἰσὶν</em></span> <span class='ocrx_word' id='word_1_251' title='bbox 674 3897 703 3946; x_wconf 80' lang='lat' dir='ltr'><strong>et</strong></span> <span class='ocrx_word' id='word_1_252' title='bbox 723 3911 752 3949; x_wconf 81' lang='grc' dir='ltr'><strong>τε</strong></span> <span class='ocrx_word' id='word_1_253' title='bbox 776 3897 840 3966; x_wconf 74' lang='grc' dir='ltr'><strong>περὶ</strong></span> <span class='ocrx_word' id='word_1_254' title='bbox 865 3890 914 3960; x_wconf 81' lang='grc' dir='ltr'><em>τὴν</em></span> <span class='ocrx_word' id='word_1_255' title='bbox 938 3890 1059 3962; x_wconf 76' lang='grc' dir='ltr'><em>καρδίαν</em></span> <span class='ocrx_word' id='word_1_256' title='bbox 1081 3894 1129 3943; x_wconf 75' lang='lat' dir='ltr'><strong>seut</strong></span> <span class='ocrx_word' id='word_1_257' title='bbox 1155 3893 1218 3958; x_wconf 77' lang='grc' dir='ltr'><strong>περὶ</strong></span> 
     </span>
     <span class='ocr_line' id='line_1_32' title="bbox 60 3973 1217 4054; baseline 0.001 -26"><span class='ocrx_word' id='word_1_258' title='bbox 60 3977 99 4032; x_wconf 76' lang='lat' dir='ltr'><strong>sir</strong></span> <span class='ocrx_word' id='word_1_259' title='bbox 115 3981 280 4052; x_wconf 63' lang='grc' dir='ltr'><strong>ἐγκέφαλον,</strong></span> <span class='ocrx_word' id='word_1_260' title='bbox 298 3977 429 4051; x_wconf 78' lang='grc' dir='ltr'><strong>εὐλόγως·</strong></span> <span class='ocrx_word' id='word_1_261' title='bbox 454 3984 541 4036; x_wconf 80' lang='grc' dir='ltr'><em>ταῦτα</em></span> <span class='ocrx_word' id='word_1_262' title='bbox 560 3981 616 4054; x_wconf 77' lang='grc' dir='ltr'><strong>γὰρ</strong></span> <span class='ocrx_word' id='word_1_263' title='bbox 635 3982 722 4036; x_wconf 74' lang='grc' dir='ltr'><em>δεῖται</em></span> <span class='ocrx_word' id='word_1_264' title='bbox 743 3981 871 4047; x_wconf 76' lang='grc' dir='ltr'><strong>πλείστης</strong></span> <span class='ocrx_word' id='word_1_265' title='bbox 890 3980 1031 4050; x_wconf 73' lang='grc' dir='ltr'><strong>φυλακῆς·</strong></span> <span class='ocrx_word' id='word_1_266' title='bbox 1058 3973 1146 4048; x_wconf 68' lang='grc' dir='ltr'><em>ἡμὲν</em></span> <span class='ocrx_word' id='word_1_267' title='bbox 1163 3975 1217 4047; x_wconf 77' lang='grc' dir='ltr'><strong>γὰρ</strong></span> 
     </span>
     <span class='ocr_line' id='line_1_33' title="bbox 60 4065 957 4142; baseline -0.001 -20"><span class='ocrx_word' id='word_1_268' title='bbox 60 4067 157 4138; x_wconf 66' lang='lat' dir='ltr'><strong>tulensi</strong></span> <span class='ocrx_word' id='word_1_269' title='bbox 175 4073 239 4142; x_wconf 79' lang='grc' dir='ltr'><em>ιτερλ</em></span> <span class='ocrx_word' id='word_1_270' title='bbox 257 4067 290 4124; x_wconf 78' lang='grc' dir='ltr'><strong>τά</strong></span> <span class='ocrx_word' id='word_1_271' title='bbox 309 4065 402 4140; x_wconf 76' lang='grc' dir='ltr'><em>κύρια,</em></span> <span class='ocrx_word' id='word_1_272' title='bbox 420 4071 506 4125; x_wconf 81' lang='grc' dir='ltr'><em>ταῦτα</em></span> <span class='ocrx_word' id='word_1_273' title='bbox 527 4069 559 4123; x_wconf 76' lang='grc' dir='ltr'><strong>δὲ</strong></span> <span class='ocrx_word' id='word_1_274' title='bbox 578 4068 661 4142; x_wconf 77' lang='grc' dir='ltr'><em>κύρια</em></span> <span class='ocrx_word' id='word_1_275' title='bbox 679 4069 863 4142; x_wconf 66' lang='lat' dir='ltr'><strong>peristromatis</strong></span> <span class='ocrx_word' id='word_1_276' title='bbox 880 4070 957 4134; x_wconf 77' lang='grc' dir='ltr'><em>ζωῆς.</em></span> 
     </span>
    </p>

    <p class='ocr_par' dir='ltr' id='par_1_7' title="bbox 60 4151 1219 4582">
     <span class='ocr_line' id='line_1_34' title="bbox 121 4151 1218 4228; baseline -0.009 -14"><span class='ocrx_word' id='word_1_277' title='bbox 121 4157 195 4214; x_wconf 58' lang='lat' dir='ltr'><strong>tue</strong></span> <span class='ocrx_word' id='word_1_278' title='bbox 213 4161 347 4224; x_wconf 77' lang='lat' dir='ltr'>mim.11‚</span> <span class='ocrx_word' id='word_1_279' title='bbox 368 4163 391 4212; x_wconf 80' lang='lat'><strong>4.</strong></span> <span class='ocrx_word' id='word_1_280' title='bbox 413 4161 551 4222; x_wconf 74' lang='lat' dir='ltr'><strong>siesse,</strong></span> <span class='ocrx_word' id='word_1_281' title='bbox 570 4159 602 4212; x_wconf 89' lang='lat' dir='ltr'><strong>de</strong></span> <span class='ocrx_word' id='word_1_282' title='bbox 620 4175 681 4228; x_wconf 75' lang='lat' dir='ltr'><strong>gen.</strong></span> <span class='ocrx_word' id='word_1_283' title='bbox 701 4159 781 4212; x_wconf 82' lang='lat' dir='ltr'><strong>anim.</strong></span> <span class='ocrx_word' id='word_1_284' title='bbox 802 4160 838 4224; x_wconf 87' lang='lat'><strong>11,</strong></span> <span class='ocrx_word' id='word_1_285' title='bbox 862 4161 883 4210; x_wconf 88' lang='lat' dir='ltr'><strong>l.</strong></span> <span class='ocrx_word' id='word_1_286' title='bbox 905 4159 1042 4216; x_wconf 74' lang='lat' dir='ltr'><strong>ttbalt,</strong></span> <span class='ocrx_word' id='word_1_287' title='bbox 1063 4151 1095 4203; x_wconf 88' lang='lat' dir='ltr'><strong>de</strong></span> <span class='ocrx_word' id='word_1_288' title='bbox 1113 4169 1174 4222; x_wconf 73' lang='lat' dir='ltr'><strong>geu.</strong></span> <span class='ocrx_word' id='word_1_289' title='bbox 1194 4161 1218 4204; x_wconf 83' lang='lat' dir='ltr'><strong>et</strong></span> 
     </span>
     <span class='ocr_line' id='line_1_35' title="bbox 61 4241 1217 4312; baseline -0.003 -16"><span class='ocrx_word' id='word_1_290' title='bbox 61 4255 114 4296; x_wconf 80' lang='lat' dir='ltr'><strong>tarr.</strong></span> <span class='ocrx_word' id='word_1_291' title='bbox 130 4247 164 4312; x_wconf 87' lang='lat'><strong>11,</strong></span> <span class='ocrx_word' id='word_1_292' title='bbox 184 4253 225 4302; x_wconf 86' lang='lat'><strong>10.</strong></span> <span class='ocrx_word' id='word_1_293' title='bbox 246 4249 296 4300; x_wconf 77' lang='lat' dir='ltr'><strong>ttt</strong></span> <span class='ocrx_word' id='word_1_294' title='bbox 309 4245 327 4298; x_wconf 94' lang='lat' dir='ltr'>b</span> <span class='ocrx_word' id='word_1_295' title='bbox 341 4250 383 4312; x_wconf 78' lang='lat' dir='ltr'><strong>tt,</strong></span> <span class='ocrx_word' id='word_1_296' title='bbox 403 4247 483 4300; x_wconf 87' lang='lat' dir='ltr'><strong>Polit.</strong></span> <span class='ocrx_word' id='word_1_297' title='bbox 502 4249 526 4312; x_wconf 86' lang='lat'><strong>1,</strong></span> <span class='ocrx_word' id='word_1_298' title='bbox 546 4252 570 4298; x_wconf 78' lang='lat' dir='ltr'><strong>t.</strong></span> <span class='ocrx_word' id='word_1_299' title='bbox 594 4250 744 4312; x_wconf 70' lang='lat' dir='ltr'><strong>itesam,</strong></span> <span class='ocrx_word' id='word_1_300' title='bbox 765 4247 826 4302; x_wconf 86' lang='lat' dir='ltr'><strong>ecll.</strong></span> <span class='ocrx_word' id='word_1_301' title='bbox 846 4243 917 4300; x_wconf 84' lang='lat' dir='ltr'><strong>Plnt.</strong></span> <span class='ocrx_word' id='word_1_302' title='bbox 937 4245 1060 4312; x_wconf 81' lang='lat' dir='ltr'><strong>Sympos.</strong></span> <span class='ocrx_word' id='word_1_303' title='bbox 1086 4257 1111 4308; x_wconf 88' lang='lat' dir='ltr'><strong>p.</strong></span> <span class='ocrx_word' id='word_1_304' title='bbox 1126 4241 1217 4294; x_wconf 77' lang='lat'><strong>²060:</strong></span> 
     </span>
     <span class='ocr_line' id='line_1_36' title="bbox 62 4323 1219 4406; baseline 0.004 -29"><span class='ocrx_word' id='word_1_305' title='bbox 62 4329 105 4382; x_wconf 83' lang='lat' dir='ltr'><strong>teu</strong></span> <span class='ocrx_word' id='word_1_306' title='bbox 123 4332 152 4386; x_wconf 76' lang='lat' dir='ltr'><strong>tt</strong></span> <span class='ocrx_word' id='word_1_307' title='bbox 170 4335 248 4388; x_wconf 84' lang='grc' dir='ltr'><em>τοῦτο</em></span> <span class='ocrx_word' id='word_1_308' title='bbox 269 4338 346 4388; x_wconf 73' lang='grc' dir='ltr'><em>θεῖον</em></span> <span class='ocrx_word' id='word_1_309' title='bbox 364 4329 395 4386; x_wconf 74' lang='grc' dir='ltr'><strong>τὸ</strong></span> <span class='ocrx_word' id='word_1_310' title='bbox 414 4335 543 4406; x_wconf 82' lang='grc' dir='ltr'><em>πρᾶγμα,</em></span> <span class='ocrx_word' id='word_1_311' title='bbox 563 4336 610 4387; x_wconf 76' lang='grc' dir='ltr'><strong>καὶ</strong></span> <span class='ocrx_word' id='word_1_312' title='bbox 628 4335 710 4388; x_wconf 82' lang='grc' dir='ltr'><em>τοῦτο</em></span> <span class='ocrx_word' id='word_1_313' title='bbox 723 4333 754 4388; x_wconf 77' lang='grc' dir='ltr'><em>ὲν</em></span> <span class='ocrx_word' id='word_1_314' title='bbox 767 4332 861 4400; x_wconf 72' lang='grc' dir='ltr'><em>θνητῷ</em></span> <span class='ocrx_word' id='word_1_315' title='bbox 879 4327 940 4387; x_wconf 78' lang='grc' dir='ltr'><em>ὄντι</em></span> <span class='ocrx_word' id='word_1_316' title='bbox 952 4333 989 4400; x_wconf 77' lang='grc' dir='ltr'><strong>τῷ</strong></span> <span class='ocrx_word' id='word_1_317' title='bbox 1003 4327 1062 4396; x_wconf 69' lang='lat' dir='ltr'><strong>(um</strong></span> <span class='ocrx_word' id='word_1_318' title='bbox 1075 4323 1219 4382; x_wconf 75' lang='grc' dir='ltr'><em>ἀθάνατον</em></span> 
     </span>
     <span class='ocr_line' id='line_1_37' title="bbox 62 4411 1217 4492; baseline 0.013 -31"><span class='ocrx_word' id='word_1_319' title='bbox 62 4417 159 4486; x_wconf 72' lang='lat' dir='ltr'><strong>tracum,</strong></span> <span class='ocrx_word' id='word_1_320' title='bbox 183 4419 197 4488; x_wconf 79' lang='grc' dir='ltr'><strong><em>ἡ</em></strong></span> <span class='ocrx_word' id='word_1_321' title='bbox 220 4419 315 4488; x_wconf 74' lang='grc' dir='ltr'><em>κύησις</em></span> <span class='ocrx_word' id='word_1_322' title='bbox 342 4423 388 4474; x_wconf 79' lang='grc' dir='ltr'><strong>καλ</strong></span> <span class='ocrx_word' id='word_1_323' title='bbox 409 4419 423 4488; x_wconf 76' lang='grc' dir='ltr'><strong><em>ἡ</em></strong></span> <span class='ocrx_word' id='word_1_324' title='bbox 441 4425 578 4492; x_wconf 78' lang='grc' dir='ltr'><em>γέννησις.</em></span> <span class='ocrx_word' id='word_1_325' title='bbox 616 4425 716 4477; x_wconf 75' lang='lat' dir='ltr'><strong>206E:</strong></span> <span class='ocrx_word' id='word_1_326' title='bbox 740 4425 768 4474; x_wconf 77' lang='lat' dir='ltr'><strong>tt</strong></span> <span class='ocrx_word' id='word_1_327' title='bbox 791 4421 825 4488; x_wconf 71' lang='grc' dir='ltr'><strong>δὴ</strong></span> <span class='ocrx_word' id='word_1_328' title='bbox 849 4413 900 4472; x_wconf 69' lang='grc' dir='ltr'><em>οὖν</em></span> <span class='ocrx_word' id='word_1_329' title='bbox 919 4421 965 4488; x_wconf 75' lang='grc' dir='ltr'><strong>τῆς</strong></span> <span class='ocrx_word' id='word_1_330' title='bbox 983 4411 1153 4488; x_wconf 68' lang='grc' dir='ltr'><em>νεννήσὲωςῐ</em></span> <span class='ocrx_word' id='word_1_331' title='bbox 1177 4413 1217 4470; x_wconf 77' lang='lat' dir='ltr'><strong>tn</strong></span> 
     </span>
     <span class='ocr_line' id='line_1_38' title="bbox 60 4497 817 4582; baseline 0.009 -30"><span class='ocrx_word' id='word_1_332' title='bbox 60 4497 163 4576; x_wconf 71' lang='grc' dir='ltr'><strong>λιιγτνλς</strong></span> <span class='ocrx_word' id='word_1_333' title='bbox 180 4508 236 4565; x_wconf 62' lang='grc' dir='ltr'><strong>ἔστι</strong></span> <span class='ocrx_word' id='word_1_334' title='bbox 257 4513 303 4562; x_wconf 76' lang='lat' dir='ltr'><strong>scut</strong></span> <span class='ocrx_word' id='word_1_335' title='bbox 323 4505 468 4566; x_wconf 72' lang='grc' dir='ltr'><em>ἀθάνατον</em></span> <span class='ocrx_word' id='word_1_336' title='bbox 487 4505 523 4570; x_wconf 76' lang='grc' dir='ltr'><strong>ὥς</strong></span> <span class='ocrx_word' id='word_1_337' title='bbox 542 4511 631 4582; x_wconf 74' lang='grc' dir='ltr'><em>θνητῷ</em></span> <span class='ocrx_word' id='word_1_338' title='bbox 649 4506 664 4580; x_wconf 71' lang='grc' dir='ltr'><strong><em>ἡ</em></strong></span> <span class='ocrx_word' id='word_1_339' title='bbox 682 4513 817 4580; x_wconf 72' lang='grc' dir='ltr'><em>γέννησις.</em></span> 
     </span>
    </p>
   </div>
   <div class='ocr_carea' id='block_1_4' title="bbox 0 0 1440 5076">
    <p class='ocr_par' dir='ltr' id='par_1_8' title="bbox 0 0 1440 5076">
     <span class='ocr_line' id='line_1_39' title="bbox 0 0 1440 5076; baseline 0 1"><span class='ocrx_word' id='word_1_340' title='bbox 0 0 1440 5076; x_wconf 95' lang='lat' dir='ltr'><strong> </strong></span> 
     </span>
    </p>
   </div>
  </div>
 </body>
</html>
