2870 5076
688 402 892 470 ,14-Ρ

300 574 439 644 Εοάααα,
457 583 565 641 autem
598 573 679 662 ratio
715 573 810 640 etiam
842 576 874 645 in
905 598 1013 644 rerum
1048 587 1162 644 natura
1196 578 1314 646 obtinet
1324 579 1354 667 ¹).
1428 623 1429 628 κ

215 687 330 774 Itaque
354 685 466 752 domus
485 685 516 751 si
541 693 625 750 esset
647 705 758 752 eorum
781 708 864 771 quae
893 697 1009 754 notura
1039 688 1225 776 gignuntur,
1256 689 1356 757 eedem

215 819 346 883 prorsus
370 806 467 883 atque
490 817 574 860 nuno
598 817 655 882 per
678 805 780 862 artem
803 795 926 862 ratione
949 809 1094 866 oreretur
1103 798 1138 884 ²).
1174 799 1357 889 Exemplum

216 919 322 974 sutem
351 929 369 970 e
396 914 511 970 natura
544 907 698 991 petitum,
732 929 795 994 quo
829 907 919 974 illum
952 909 1155 995 cogitationis
1185 933 1357 998 regressum

216 1028 312 1108 atque
342 1037 548 1104 progressum
579 1023 666 1082 ortua
699 1015 949 1102 demonstraret,
978 1020 1185 1108 philosophus
1214 1042 1278 1086 nou
1299 1042 1359 1106 pro·

216 1129 332 1217 posuit.
378 1124 477 1208 Cuius
501 1125 547 1190 rei
569 1149 667 1194 causa
688 1127 790 1192 facilis
813 1137 862 1193 est
890 1128 1062 1196 intellectu.
1107 1130 1146 1195 In
1170 1129 1359 1197 naturalibus

216 1241 300 1308 enim
322 1238 418 1304 rebus
441 1234 526 1305 undo
548 1237 652 1302 forma
675 1238 801 1322 operari
823 1238 969 1326 incipiat,
991 1240 1152 1329 hodieque
1172 1242 1359 1332 ignoramus.
1430 1241 1431 1292 t

191 1431 193 1446 .
216 1348 311 1430 Quod
336 1358 443 1416 autem
470 1346 696 1434 philosophus,
727 1358 763 1414 ut
785 1349 941 1416 rationem
969 1361 1073 1433 ortus,
1103 1353 1241 1439 quaein
1264 1373 1360 1416 rerum

211 1473 329 1530 natura
356 1459 514 1536 obtineat,
542 1457 753 1542 domonstrat,
789 1458 904 1526 iterum
934 1459 1115 1550 iterumque
1142 1473 1298 1552 provocat
1325 1458 1361 1526 sd

215 1582 317 1638 artem
341 1570 569 1657 hominumque
593 1569 749 1652 actiones,
779 1570 810 1634 ei
837 1570 922 1637 aliud
950 1571 1029 1659 quid
1051 1581 1221 1660 praeterea
1244 1571 1362 1638 videtur

214 1683 356 1752 subesse.
401 1681 532 1748 Etenim
560 1683 619 1746 nos
642 1680 703 1768 ipsi
724 1680 786 1746 uisi
814 1681 893 1746 fines
916 1682 1009 1747 nobis
1037 1705 1217 1770 proponere
1246 1693 1279 1748 et
1299 1703 1362 1770 per·

214 1793 305 1881 sequi
328 1815 506 1879 possemus,
529 1814 569 1856 ne
591 1789 624 1856 in
646 1791 743 1856 rebus
766 1791 966 1859 naturalibus
989 1792 1119 1879 quidem
1142 1815 1270 1860 causam
1295 1793 1363 1858 fine·

213 1905 277 1970 lem
299 1923 568 1988 cognosceremus
580 1901 614 1983 ³),
643 1901 676 1967 id
706 1900 792 1989 quod
823 1901 1005 1989 philosophi
1028 1904 1126 1970 menti
1149 1903 1277 1970 videtur
1300 1923 1362 1968 esse

214 2015 438 2096 obversatum,
465 2012 524 2078 etsi
552 2010 670 2078 diserte
697 2034 857 2099 nusquam
879 2012 970 2078 dixit.
1013 2014 1167 2080 Attamen
1189 2015 1221 2079 in
1244 2023 1363 2080 natura-

212 2127 296 2193 libus
319 2147 448 2213 quoque
469 2122 566 2187 rebus
588 2121 798 2188 substantiam
815 2131 846 2188 et
859 2123 996 2188 formam
1017 2123 1157 2210 primum
1179 2149 1249 2192 esse
1272 2135 1363 2216 etque

214 2237 408 2309 constituere
431 2232 557 2299 oriundi
579 2231 745 2315 rationem,
768 2234 938 2300 manifesta
960 2255 1013 2298 res
1028 2233 1131 2300 docet.
1167 2235 1253 2300 Nam
1276 2237 1363 2300 homo

214 2347 376 2414 hominem
399 2351 549 2433 procreat
574 2351 606 2408 et
632 2342 776 2429 plantam
807 2343 926 2432 planta.
973 2343 1084 2410 Oritur
1107 2345 1237 2432 quidem
1259 2346 1363 2433 plenta

216 2479 233 2522 e
256 2456 378 2522 semine
401 2454 586 2542 pariterque
609 2453 718 2535 homo,
746 2453 804 2520 sed
832 2477 943 2520 semen
970 2454 1074 2543 ipsum
1096 2457 1279 2544 profectum
1302 2463 1365 2520 crat

214 2567 365 2656 eplanta
387 2567 450 2634 iam
473 2566 617 2654 perfecta
640 2575 672 2634 et
695 2565 849 2645 absoluta,
874 2589 937 2654 quo
960 2566 1004 2650 fit,
1027 2575 1064 2631 ut
1084 2567 1116 2631 in
1139 2567 1260 2634 semine
1284 2567 1364 2655 plau·

214 2686 266 2746 tae
295 2679 398 2744 forma
425 2677 518 2760 insit,
551 2677 596 2742 ita
624 2685 659 2741 ut
684 2675 738 2744 lex
765 2676 807 2741 sit
839 2698 877 2742 αα
909 2698 1023 2742 norma
1061 2699 1138 2764 qua¹
1155 2675 1310 2744 irascendi
1337 2685 1365 2740 et

214 2788 378 2856 crescendi
400 2790 481 2859 ratio
505 2788 655 2854 definitur
664 2788 701 2870 ⁴).
746 2785 844 2853 Unde
866 2786 931 2852 iam
955 2809 1111 2875 apparere
1126 2797 1289 2874 putamus,
1312 2810 1365 2854 cur

213 2899 421 2987 philosophus
439 2885 579 2968 'formam
601 2897 736 2963 materia
758 2906 922 2963 carentem
944 2907 1039 2963 vocet
1059 2895 1098 2965 τὸ
1118 2893 1153 2964 τί
1172 2889 1213 2986 ἤν
1234 2890 1363 2982 εἶναι’).

213 3011 299 3078 Nam
322 3012 426 3077 forms
442 2991 519 3076 'erat
541 3017 614 3074 ante
636 3029 705 3074 rem
729 3017 910 3074 concretam
934 3019 1058 3075 etcum
1081 3009 1291 3095 constituit⁶).

213 3224 319 3296 ὑγίειαν
342 3231 470 3295 γίνεσθαι
495 3226 542 3276 καὶ
565 3221 614 3290 τὴν
637 3225 729 3278 οἰκίαν
752 3223 781 3284 ἐξ
804 3228 906 3292 οἰκίας,
930 3227 975 3292 τῆς
998 3219 1064 3281 ἄνευ
1088 3223 1151 3294 ὕλης
1173 3227 1222 3295 τὴν
1248 3229 1364 3299 ἔχουσαν

213 3311 288 3382 ὕλην.
308 3312 323 3381 ἡ
343 3315 397 3384 γὰρ
417 3309 522 3382 ἰατρική
542 3310 598 3364 ἔστι
618 3312 665 3362 καὶ
684 3310 847 3382 οἰκοδομικὴ
870 3311 898 3366 τὸ
924 3312 998 3372 ridor
1014 3315 1060 3380 τῆς
1078 3310 1182 3383 ὑγιείας
1201 3317 1247 3368 καὶ
1265 3317 1311 3384 τῆς
1329 3317 1364 3366 ot·

213 3405 282 3460 κίας.
314 3405 359 3455 rDe
376 3409 441 3470 part.
462 3419 503 3456 an.
522 3402 543 3466 1,
566 3405 588 3451 1.
609 3403 659 3453 640
673 3418 688 3452 α
701 3405 743 3453 31.

289 3491 306 3555 ¹)
325 3493 367 3544 De
385 3497 451 3556 punt.
471 3507 514 3542 un.
533 3490 554 3554 I,
576 3495 599 3542 1.
619 3493 670 3541 640
683 3489 742 3540 b'l:
767 3483 871 3542 ructo*
894 3487 951 3541 iou
967 3490 1102 3554 τοιοῦτον,
1121 3487 1168 3556 τὴν
1186 3493 1295 3560 γένεσιν
1315 3487 1364 3542 ὡδὶ

213 3579 259 3629 καὶ
278 3573 406 3642 τοιαύτην
425 3577 587 3644 συμβαίνειν
605 3571 770 3643 ἀναγκαῖον.
788 3571 832 3627 διὸ
850 3575 956 3643 γίνεται
974 3575 1083 3643 πρῶτον
1100 3577 1155 3632 τῶν
1167 3583 1275 3652 μορίοιν
1293 3576 1364 3642 τόδε,

213 3662 269 3717 εἶτα
288 3659 350 3718 τόδε
370 3665 416 3716 καὶ
435 3665 532 3716 τοῦτον
552 3661 585 3730 δὴ
598 3661 646 3716 τὸν
658 3657 764 3732 τρόπον
777 3658 880 3734 ὁμοίως
893 3662 938 3716 ἐπὶ
951 3660 1062 3716 πάντων
1075 3665 1128 3718 τῶν
1145 3663 1230 3735 φύσει
1242 3682 1367 3722 novemu-

211 3753 312 3821 μένων.
592 3797 597 3807 .

285 3839 305 3904 ³)
324 3837 404 3905 Phys.
425 3838 460 3903 11,
479 3842 505 3890 8.
526 3841 575 3892 199
588 3856 604 3890 α
619 3843 659 3892 12.

288 3926 307 3991 ³)
328 3927 501 3982 Trendelenb.
519 3928 584 3994 Log.
604 3928 761 3994 Unters.11,
781 3943 806 3994 p.
820 3929 861 3980 69.

284 4013 306 4080 ⁴)
327 4014 366 4066 De
389 4023 453 4082 part.
478 4033 520 4068 an.
545 4016 567 4080 I,
597 4019 619 4065 1.
643 4017 781 4067 erosas:
809 4011 894 4081 γεννᾷ
915 4009 970 4082 γὰρ
991 4007 1007 4065 o‘
1032 4007 1182 4084 ἅνθρωπος
1205 4009 1366 4086 ἄνθρωπον,

213 4096 282 4156 ὥστε
301 4098 348 4162 διὰ
367 4099 397 4154 τὸ
417 4100 524 4156 ἐκεῖνον
542 4096 648 4154 τοιόνδ’
670 4099 740 4155 εἶναι
757 4096 773 4166 ἡ
792 4103 898 4170 γένεσις
916 4095 1010 4154 τοιάδε
1029 4105 1174 4172 συμβαίνει
1192 4103 1266 4171 τῳδί.

285 4189 305 4254 ⁶)
325 4190 389 4242 Met.
407 4191 436 4256 Z,
458 4195 480 4242 7.
504 4195 568 4243 1032
582 4190 599 4244 b
615 4195 660 4242 14:
680 4190 750 4258 λέγω
769 4183 797 4240 δ’
820 4183 917 4242 οὐσίαν
937 4180 1003 4242 derv
1022 4185 1086 4257 ὕλης
1103 4189 1133 4244 τὸ
1152 4194 1180 4244 τί
1194 4185 1230 4259 ἢν
1247 4191 1327 4246 εἶναι.

286 4276 306 4343 ⁵)
327 4279 366 4330 De
385 4285 451 4345 part.
475 4295 516 4332 αα.
535 4279 557 4342 1,
583 4283 605 4329 l.
632 4281 770 4330 640s33:
795 4273 838 4330 διὸ
862 4271 982 4346 μάλιστα
1004 4277 1058 4348 μὲν
1082 4281 1191 4334 λεκτέον
1214 4277 1250 4339 ὡς
1271 4277 1366 4344 ἐπειδὴ

212 4359 287 4420 τοῦτ’
309 4356 343 4430 ἦν
361 4363 391 4422 τὸ
417 4359 558 4438 ἀνθρώπῳ
577 4363 660 4430 εἶναι,
690 4361 737 4418 dari
761 4363 841 4420 τοῦτο
864 4362 936 4418 ταῦτ’
963 4365 1026 4436 ἔχει.
1063 4367 1103 4422 Cf.
1127 4369 1159 4419 de
1182 4369 1234 4422 hoc
1255 4369 1367 4422 formula

213 4453 384 4510 Treudeleub·
411 4453 503 4508 Rbeiu.
527 4455 598 4510 Mus.
625 4458 698 4508 1828.
724 4453 769 4520 Ν,
792 4471 818 4524 p.
838 4455 960 4524 ὠίετο,
990 4455 1020 4508 de
1043 4457 1121 4508 enim.
1144 4456 1203 4510 libr.
1227 4462 1363 4510 comment.
