2870 5076
552 399 738 464 -7-

83 569 165 656 igitur
192 547 326 638 alterius¹
350 591 449 638 cause
476 577 535 636 est.
580 569 690 658 Atque
719 568 849 636 omnino
879 591 931 635 ers
954 567 1017 635 alie
1039 567 1166 660 perficit
1188 579 1223 636 et

82 679 216 763 ubsolvit,
239 703 322 769 quse
343 690 458 748 nutura
480 681 610 750 efficere
631 704 696 748 non
721 681 822 763 velet,
850 680 927 762 alia,
958 701 1041 768 quae
1064 703 1084 748 e
1104 688 1221 746 nature

80 793 208 878 portame
235 802 325 876 sunt,
354 792 504 860 imitatur.
550 791 665 880 Itaque
694 791 721 856 si
749 813 832 879 quse
857 813 915 879 per
937 797 1038 858 artem
1061 789 1143 856 fiunt
1166 787 1222 856 uli·

80 902 157 968 cuius
182 901 228 968 rei
255 923 354 968 causa
381 911 470 986 sunt,
501 901 599 968 etium
625 902 789 970 naturales
819 923 870 968 res
898 900 1032 968 alicuius
1054 900 1100 966 rei
1124 921 1221 966 ceusu
1260 975 1265 992 ι

79 1033 140 1076 csse
159 1020 304 1101 apparet.
348 1011 433 1078 Nam
457 1011 571 1078 eedem
598 1013 680 1078 ratio
702 1012 734 1076 in
757 1011 854 1078 rebus
878 1021 910 1078 et
931 1012 1008 1078 artis
1031 1019 1065 1076 et
1085 1020 1221 1078 naturae

79 1121 235 1190 intercedit
269 1121 500 1210 posterioribus
531 1147 605 1190 cum
643 1122 682 1188 iis
715 1145 798 1210 quae
832 1132 907 1188 eunt
939 1122 1077 1210 priora.“
1124 1121 1221 1201 Quod

78 1241 286 1320 argumentum
319 1232 345 1299 ei
373 1234 483 1322 paucis
510 1234 768 1323 complectimur,
800 1241 850 1300 eet
877 1233 954 1300 hoc:
984 1231 1075 1298 Finis
1103 1239 1220 1298 nature

79 1353 121 1408 est
137 1365 183 1426 ea
203 1353 240 1410 nt
261 1365 356 1431 quae,
379 1355 484 1411 ortum
508 1345 535 1410 si
557 1354 695 1432 epactae,
716 1345 758 1433 τῇ
779 1342 915 1432 γενέσει,
940 1352 1016 1409 sunt
1037 1342 1156 1430 priora,
1179 1363 1221 1408 ex

80 1453 176 1522 ultimo
204 1463 237 1521 et
263 1465 410 1520 extremo
441 1455 505 1521 sint
535 1477 701 1542 suspense.
748 1455 854 1535 Quam
882 1453 1040 1521 rationem
1066 1453 1100 1518 in
1123 1451 1221 1518 rebus

80 1587 151 1652 quse
178 1575 246 1630 erte
275 1564 458 1630 efficiuntur
488 1563 635 1632 obtinere
663 1575 808 1653 apparet.
859 1563 961 1653 Atqui
991 1585 1043 1627 ars
1070 1571 1220 1630 naturam

79 1685 125 1739 tut
143 1675 280 1742 imitetur
303 1683 360 1742 aut
381 1676 507 1761 perficit
529 1685 562 1742 et
584 1675 626 1740 ad
648 1675 882 1743 absolutionem
903 1673 1055 1764 perducit
1076 1695 1115 1738 ee
1136 1695 1220 1759 quse
1339 1751 1343 1758 Ι

78 1795 178 1851 ustura
198 1787 365 1852 absolvere
386 1810 450 1852 non
474 1795 590 1875 potest.
635 1785 725 1871 Ergo
748 1787 843 1852 etiem
858 1786 892 1850 in
906 1782 1108 1850 naturalibus
1123 1783 1221 1850 rebus

79 1917 162 1961 eausa
181 1896 286 1964 finalis
309 1905 461 1983 operetur
483 1918 617 1963 necesse
640 1905 699 1962 eet.
744 1895 811 1964 Sed
834 1918 875 1962 ne
896 1896 958 1962 hoc
977 1893 1106 1982 quidem
1130 1917 1221 1980 ergu-

78 2015 206 2074 mentum
228 2006 501 2094 comprobandum
524 2017 583 2072 est.
627 2007 712 2074 Nem
737 2008 797 2072 etsi
819 2029 885 2087 ars,
915 2029 1011 2094 quam
1040 2005 1121 2070 fines
1151 2026 1222 2092 pro

79 2118 186 2204 poritm
206 2118 298 2206 sequi
320 2126 467 2205 eppsret,
489 2127 640 2184 naturam
661 2117 815 2200 imitetur,
837 2127 945 2184 tamen
960 2116 993 2182 id
1008 2126 1077 2182 tum
1093 2136 1223 2204 quoque
1309 2149 1324 2192 t

79 2226 138 2294 fieri
156 2237 277 2319 potest,
304 2229 332 2294 si
359 2228 497 2294 mundus
526 2236 623 2315 etque
650 2249 704 2294 res
735 2251 818 2316 quae
847 2230 881 2296 iu
904 2251 942 2296 eo
965 2229 1074 2294 insunt
1096 2247 1135 2290 es
1158 2247 1222 2313 que

14 2429 15 2436 ἵ
78 2338 165 2406 voluit
185 2339 399 2428 Empedocles
421 2337 546 2404 rstione
569 2339 764 2406 exstiterunt
775 2342 809 2424 ¹).

148 2450 293 2516 Tertium
324 2449 465 2538 denique
497 2461 739 2536 argumentum,
771 2475 837 2538 quo
860 2449 1069 2538 philosophus
1091 2469 1222 2516 causum

78 2557 190 2626 finalem
220 2582 359 2648 regnare
384 2559 418 2626 in
449 2582 559 2628 rerum
584 2569 701 2626 natura
729 2562 880 2628 evincere
906 2560 1032 2643 studet,
1062 2561 1222 2647 reperitur

78 2669 161 2758 Phys
182 2669 235 2755 II,
263 2671 295 2737 6.
319 2671 566 2759 198e5seqq.,
601 2670 672 2753 ubi,
707 2681 880 2759 postquem
913 2693 1007 2738 cesus
1041 2679 1075 2736 et
1100 2671 1222 2739 fortuiti

77 2789 210 2848 artuum
231 2781 398 2870 exposuit,
424 2783 532 2870 pergit
559 2781 593 2848 in
620 2781 707 2846 hunc
728 2781 798 2848 fere
820 2780 971 2880 modum:
1002 2780 1106 2868 ,Cum
1129 2806 1221 2850 cesus

77 2901 104 2956 ct
125 2893 187 2959 t'ors
216 2913 333 2960 censae
360 2891 424 2958 sint
451 2915 561 2958 eorum
591 2915 727 2980 quorum
763 2892 861 2958 etiam
896 2914 986 2957 mens
1018 2901 1074 2960 aut
1106 2903 1221 2962 neturs

14 3035 15 3044 ι
78 3023 163 3070 musa
184 3025 255 3070 esee
275 3011 398 3092 potest,
426 3002 555 3091 quando
577 3024 635 3090 per
657 3003 808 3069 accidens
832 3025 929 3068 cause
951 3001 1028 3090 quid
1050 3004 1086 3070 fit
1108 3027 1219 3072 eorum

78 3111 218 3200 ipsorum,
240 3112 320 3180 nihil
342 3121 451 3180 eutem
474 3114 561 3202 quod
584 3135 642 3201 per
663 3113 814 3180 accidens
838 3121 887 3178 est
909 3109 997 3198 prius
1012 3114 1054 3179 sit
1075 3114 1113 3180 iis
1137 3138 1221 3204 quae

78 3245 127 3310 per
145 3247 180 3292 re
200 3231 285 3305 sunt,
306 3211 349 3290 ise
371 3222 605 3290 accidentalem
627 3224 759 3312 quidem
782 3246 911 3288 eausam
935 3247 1032 3290 cause
1055 3247 1138 3313 quse
1162 3248 1221 3312 per

14 3359 16 3424 ς
77 3355 106 3398 se
124 3346 169 3404 est
189 3335 330 3424 priorem
359 3356 430 3400 esee
457 3343 603 3423 apparet.
648 3333 812 3400 Posterior
840 3334 939 3422 igitur
969 3357 1063 3402 casus
1093 3359 1131 3401 ec
1152 3335 1220 3402 fors

14 3427 16 3488 i
78 3453 119 3510 eet
143 3457 175 3512 et
198 3453 308 3512 mente
343 3454 375 3510 et
402 3448 549 3512 natura.“
596 3444 656 3512 Cui
691 3442 954 3510 demonstrationi
988 3445 1123 3512 multum
1155 3471 1221 3514 mo·

77 3555 162 3622 menti
187 3555 395 3622 tribuendum
424 3577 494 3621 esse
522 3556 577 3622 vix
607 3565 768 3642 putamus.
811 3553 897 3620 Nem
919 3578 1017 3622 causa
1039 3557 1127 3624 fineli
1149 3558 1220 3646 ipss

76 3661 150 3732 niem
176 3665 385 3754 philosophus
413 3689 506 3732 casus
535 3677 567 3732 et
598 3665 690 3730 fortis
718 3675 865 3733 naturam
896 3667 1080 3750 definierat,
1112 3689 1221 3755 neque

77 3776 232 3866 quisquam
255 3775 418 3842 notionem
440 3801 533 3843 casus
556 3797 652 3868 quem
675 3777 868 3843 Aristoteles
899 3777 1050 3866 proponit
1071 3778 1218 3867 accipiet,

76 3883 126 3951 nisi
146 3887 242 3953 tinem
264 3907 395 3954 oensem
418 3909 489 3955 esse
510 3887 695 3975 primariam
724 3888 790 3956 iem
814 3898 908 3954 antea
931 3889 1109 3975 agnoverit.
1154 3890 1219 3956 Ite·

78 3997 185 4080 quaid
216 4019 280 4085 quo
310 3997 482 4086 Stagirites
512 4019 642 4064 seusam
673 3998 802 4066 finalem
834 3997 981 4066 obtinere
1010 3998 1221 4084 comprobare

79 4105 182 4190 studet,
212 4129 254 4174 ex
280 4109 342 4173 hac
371 4107 443 4198 ipsa
471 4117 581 4198 aptum
610 4131 863 4198 suspensumque
894 4117 949 4174 est
994 4109 1104 4194 Atque
1132 4128 1224 4196 pree·

80 4221 155 4282 terea
180 4217 266 4286 aliud
293 4217 370 4308 quid
397 4218 442 4284 illi
471 4219 741 4308 argumentationi
764 4239 928 4310 opponere
949 4217 1038 4285 licet.
1083 4215 1224 4284 Etiamsi

14 4355 16 4370 ¹
81 4359 263 4380 —fl—-u—

14 4453 15 4460 ’
143 4449 159 4518 ’·)
175 4451 345 4510 Tteudeleub.
365 4453 430 4524 Lug.
450 4455 551 4508 Uetere.
571 4455 606 4520 11,
625 4471 649 4522 p.
664 4459 704 4512 66.
