2966 5072
664 533 703 596 19

164 699 267 778 atque
284 694 416 780 jndicio.
461 695 504 772 Et
526 702 563 764 ut
584 697 672 766 ritae
691 697 845 768 instituta
874 698 1010 766 diversis
1038 699 1192 783 temperi-

167 797 230 866 bus
253 797 378 864 diversa
402 805 512 881 erant,
546 802 593 868 sic
624 802 723 870 etiam
749 823 847 886 quum
868 803 1052 874 litterarum
1072 810 1192 872 tracta·

164 903 298 983 tionem,
320 909 391 969 tum
412 906 560 989 inprimis
574 905 821 991 philosophandi
836 911 1020 977 modnmae
1034 910 1192 978 rationem

166 1005 297 1074 diversa
318 1007 418 1078 firisse
440 1015 690 1080 consentaneum
711 1017 770 1078 est.
823 1011 876 1081 sio
903 1015 1003 1080 etiam
1024 1035 1124 1099 genus
1146 1011 1191 1077 di-

165 1110 261 1176 cendi
282 1111 316 1178 in
337 1110 540 1196 philosophia
561 1134 626 1179 non
654 1135 782 1199 semper
810 1115 895 1180 idem
924 1117 1053 1184 mansit.
1109 1115 1193 1182 Nam

163 1213 297 1286 fumum
317 1221 461 1282 veterum
487 1216 754 1301 philosophorum
782 1219 935 1304 permulti
963 1221 1051 1306 iique
1080 1219 1190 1286 claris·
1316 1291 1321 1301 ,

163 1319 255 1399 simi,
295 1319 352 1404 qui
385 1341 468 1405 quae
501 1322 672 1406 cogitando
705 1325 865 1407 reperisse
898 1324 961 1392 sibi
993 1325 1053 1392 risi
1086 1329 1189 1403 erant,

163 1423 293 1508 poetice
313 1423 418 1494 forma
439 1426 636 1496 carminibus
665 1447 703 1494 ae
724 1427 869 1494 versibus
898 1427 1087 1508 tradebant,
1122 1427 1191 1492 sine

164 1526 264 1594 dnbio
286 1549 326 1594 ea
348 1528 388 1595 de
411 1549 517 1611 causa,
541 1530 628 1614 quod
643 1537 676 1596 et
694 1521 758 1615 ips'i
776 1533 903 1615 poetico
919 1531 1059 1616 quodam
1075 1529 1191 1598 affiatu

164 1631 292 1700 incitati
313 1637 408 1702 erant
429 1638 463 1700 et
484 1638 623 1720 majores
653 1635 767 1704 eodem
795 1635 946 1706 dictionis
968 1653 1085 1720 genere
1114 1655 1190 1700 usos

165 1755 236 1804 esee
257 1735 419 1806 ridebant.
465 1737 555 1817 Quae
576 1739 662 1810 enim
684 1759 736 1808 res
758 1760 818 1824 per
839 1739 979 1824 aliquem
1000 1739 1105 1806 rhum
1127 1737 1190 1804 sin·

165 1838 309 1926 gularom
330 1841 472 1925 primum
491 1841 642 1910 inventae
664 1847 697 1910 et
718 1843 865 1910 excultae
888 1848 980 1922 sunt,
1010 1842 1053 1907 ad
1076 1861 1133 1908 eas
1156 1861 1191 1906 so

164 1944 361 2028 posteriores
384 1945 527 2012 studiose
557 1946 722 2032 applicare
754 1968 873 2031 easque
905 1948 1013 2014 lovere
1042 1951 1077 2014 et
1104 1947 1191 2012 tueri

165 2047 288 2130 solent,
321 2047 424 2117 donec
453 2050 610 2118 excellens
640 2051 774 2138 alicujus
803 2051 940 2120 hominis
965 2051 1069 2118 virtus
1091 2069 1190 2118 noras

165 2153 339 2234 induxerit,
362 2153 450 2238 quod
471 2153 606 2222 simulne
626 2155 748 2224 facturn
770 2159 829 2237 est,
852 2153 1066 2238 obsolescunt¹
1079 2160 1113 2220 et
1134 2153 1190 2220 ob·

164 2256 274 2326 livioni
302 2258 493 2341 traduntur,
537 2280 623 2343 quse
651 2267 749 2332 antea
780 2261 815 2326 in
843 2279 906 2330 usu
937 2263 1037 2343 atque
1068 2257 1191 2326 honore

164 2361 305 2430 inerunt.
352 2363 446 2442 Quod
465 2365 587 2432 lactum
605 2371 656 2432 est
670 2385 729 2450 per
744 2364 910 2433 Socratem
924 2363 958 2428 in
974 2359 1189 2446 philosophia.

164 2466 249 2536 Nam
270 2487 482 2554 quaecunque
505 2472 574 2554 ejus
595 2467 727 2538 fuerunt
747 2467 901 2536 scientiae
919 2465 1021 2550 ipsius
1040 2467 1189 2536 immuta·
1258 2475 1261 2482 '

164 2573 270 2640 tiones
291 2578 326 2641 et
347 2573 605 2654 emendationes,
635 2579 723 2642 eert'e
744 2570 826 2640 iliud
846 2576 991 2651 constat,
1025 2570 1112 2638 inter
1134 2589 1189 2638 eae

164 2674 412 2761 philosophandi
444 2677 605 2746 rationem
634 2677 740 2760 ipsam
768 2675 811 2744 ab
834 2695 872 2742 eo
897 2674 1082 2746 institutam
1102 2672 1190 2742 haud

163 2781 309 2848 infimum
335 2782 442 2850 loenm
470 2787 591 2852 tenere.
642 2780 733 2860 Qum
762 2798 861 2864 quum
888 2777 1033 2846 novitate
1064 2776 1190 2844 dicendi

164 2889 199 2952 st
229 2885 430 2970 disquirermi
457 2884 630 2954 admodum
659 2881 971 2956 adolescentulorum
992 2881 1117 2948 animos
1144 2879 1190 2945 ai·

163 2987 293 3070 liceret,
316 2995 351 3056 et
370 2989 414 3058 ad
435 2989 626 3060 imitandrnn
648 2989 801 3056 incitaret
809 2989 871 3073 ⁴⁰),
894 3007 960 3056 non
980 2986 1089 3069 potnit
1109 2985 1189 3066 fieri,

164 3096 243 3179 quin
264 3095 321 3179 qni
342 3115 455 3164 eornm
475 3095 765 3180 praestantissumis
795 3096 904 3162 essent
931 3089 1068 3173 ingeniis
1097 3109 1190 3173 prae·

164 3199 243 3278 diti,
272 3199 360 3266 idem
388 3207 585 3268 conarentur
614 3205 648 3266 et
676 3199 790 3268 eadem
810 3215 944 3283 prorsus
965 3195 1017 3262 via
1038 3193 1190 3279 procede

163 3309 248 3385 rent,
270 3309 370 3387 atque
390 3303 440 3372 ita
461 3301 684 3387 philosophiae
706 3303 800 3387 quasi
821 3322 936 3372 novam
954 3321 1125 3386 personam
1142 3302 1189 3368 in-

163 3407 309 3474 duerent.
354 3405 463 3490 Quare
492 3407 580 3491 qnod
599 3407 695 3474 Plato
726 3407 762 3476 in
789 3404 1043 3492 philosophando
1071 3404 1190 3486 dialogi

163 3511 269 3580 forma
289 3531 368 3578 nsua
387 3515 455 3592 est,
477 3510 570 3591 lecit,
594 3511 680 3596 qnod
702 3511 849 3582 omnibns
870 3511 1070 3595 temporibus
1090 3510 1190 3576 homi·

163 3637 222 3684 nas
242 3615 403 3700 lecerunt,
426 3635 527 3700 quum
548 3637 631 3700 quae
652 3615 883 3686 consuetudine
905 3618 971 3686 sint
992 3615 1188 3695 introducta,

162 3739 204 3788 aa
219 3739 381 3803 usurpem
395 3718 530 3788 soleant.
565 3719 650 3798 Quid
667 3725 784 3801 antam,
808 3741 907 3806 quum
922 3722 1020 3790 etiam
1041 3742 1064 3787 a
1084 3721 1189 3805 poetis

160 3823 311 3910 dialogus
334 3825 383 3892 ita
403 3829 491 3892 esset
510 3829 676 3908 receptus,
699 3829 737 3892 ut
758 3823 855 3908 plane
875 3825 949 3892 novi
970 3824 1097 3908 generis
1120 3845 1189 3890 caru

160 3929 252 3996 mina
286 3933 430 4007 ereamt,
462 3927 647 4013 tragoedias
681 3927 754 3996 dico
788 3933 823 3994 et
846 3927 1059 4007 'macedime
1084 3941 1190 3996 nonne

159 4017 257 4100 Plato
286 4031 371 4098 hune
399 4031 501 4098 multo
529 4033 676 4118 graviore
708 4036 781 4098 arte
810 4030 940 4116 dignum
974 4036 1121 4114 putaret,
1155 4031 1190 4096 in

237 4273 288 4344 so)
306 4275 371 4328 nas
391 4273 466 4344 Apol.
485 4287 508 4338 p.
526 4271 572 4336 tt,
589 4273 623 4335 cr
640 4287 664 4338 s
683 4273 769 4336 aoso
917 4337 961 4400 2*
