2950 5076
30 4050 35 4067 '
141 4057 183 4124 ”)
203 4057 243 4108 Gi.
270 4059 394 4126 Spengel.
430 4045 648 4128 AbhsndInrigen
675 4059 723 4110 der
750 4060 827 4124 Bsyr.
858 4055 1003 4108 Academie
1033 4053 1080 4104 der
1114 4051 1234 4128 Wissen-

91 4143 215 4194 schsiten.
249 4143 488 4213 Philon-philolog.
508 4147 598 4198 Classe
622 4145 668 4207 vl,
686 4160 748 4213 pag.
769 4145 918 4196 sos—505.
954 4140 1067 4192 Vahlen·
1094 4140 1233 4206 §inunge

91 4227 208 4280 berichte
234 4229 282 4280 der
299 4231 412 4283 linisset,
432 4231 575 4284 Acsdemie
594 4231 641 4284 der
660 4229 896 4286 wissenschaften.
931 4223 1114 4280 Philae-hin.
1135 4224 1233 4284 ctare

93 4315 162 4368 issi.
182 4321 245 4368 tom.
264 4317 305 4368 38.
325 4331 387 4384 psg.
405 4319 448 4370 92.

657 437 680 510 5

111 631 153 702 iis,
184 651 260 711 quse
287 630 326 694 d‘e
345 634 513 714 philosophi
535 653 590 694 usn
616 609 759 705 attulero,
795 633 984 713 perspicuum
1014 634 1084 706 erit,
1114 640 1234 696 rectene

105 732 228 809 jndicem
245 755 357 820 necne„
380 737 551 828 Antequam
566 743 666 794 entem
688 735 726 795 sd
750 755 811 804 rem
833 735 927 814 ipsnm
948 742 1106 808 transeam,
1134 735 1158 796 si
1182 737 1233 814 qni

15 887 16 894 ,
110 835 206 911 legent
219 839 392 917 opusculum
414 859 521 911 meum,
546 837 584 896 ab
606 838 643 896 iis
662 839 807 917 petierim,
832 856 869 896 ne
891 839 1024 897 severius
1044 836 1083 896 de
1103 837 1140 896 iis
1154 837 1232 915 judi·

108 945 185 1008 cent,
217 959 295 1017 qnse
323 941 398 999 false
421 940 572 1021 disputata
605 957 671 998 esse
703 939 740 998 iis
760 938 928 1001 videantur.
972 933 1022 999 Ab
1051 940 1140 998 omni·
1154 940 1233 1006 enim

108 1045 188 1116 perte
209 1049 287 1100 recte
308 1041 346 1102 de
368 1041 536 1101 Aristotelis
557 1040 674 1101 dicendi
699 1040 815 1100 ratione
840 1039 985 1100 disserere
1008 1039 1029 1100 ii
1043 1049 1158 1100 tentum
1180 1060 1232 1119 po·

106 1147 210 1211 terunt,
244 1143 294 1223 qui
329 1163 383 1224 per
416 1145 558 1223 temporis
580 1143 708 1222 spatium
738 1125 836 1201 haud¹
850 1143 991 1220 exignum
1013 1143 1043 1202 in
1065 1144 1128 1220 ejns
1150 1141 1233 1202 libris

106 1244 304 1316 versetisint,
333 1245 365 1304 id
388 1244 467 1324 qnod
489 1245 559 1303 mihi
584 1252 614 1303 ut
634 1243 721 1304 tironi
745 1263 806 1302 non
829 1245 961 1321 contigit,
990 1264 1058 1304 nem
1080 1254 1115 1303 nt
1133 1244 1234 1304 verbis
1289 1305 1292 1312 ,

104 1343 268 1424 philosophi
301 1355 381 1406 uter:
418 1341 484 1416 νέος
505 1341 674 1426 δ’ἑμπειρος
695 1337 752 1402 οὐκ
774 1346 872 1404 strecs
893 1343 1019 1416 πλῆθος
1036 1337 1111 1425 peip
1116 1336 1233 1425 χρόνον
1325 1398 1328 1408 .

104 1439 266 1516 ποιεῖτὴν
283 1445 444 1528 ἐμπειρίαν
472 1442 556 1528 (Isth
579 1447 645 1508 Nic.
672 1444 765 1510 1142.
788 1467 816 1510 e
842 1441 1017 1528 15‚16)·

186 1547 254 1608 Jern
277 1549 316 1610 sd
338 1571 401 1610 rem
416 1559 600 1608 transeamus
622 1558 662 1608 et
672 1550 799 1628 primum
820 1548 940 1628 quidem
958 1549 1014 1609 hoe
1029 1519 1233 1609 demonstrare
1268 1529 1276 1546 ’

103 1641 174 1706 mihi
196 1649 292 1724 liceat,
326 1651 495 1712 Aristotelis
528 1649 645 1710 dicendi
678 1652 823 1712 rationem
858 1671 915 1711 non
950 1649 1079 1710 eandem
1112 1668 1179 1709 esse
1200 1651 1232 1709 in

103 1749 233 1811 omnibus
255 1754 381 1832 scriptis.
426 1753 582 1832 Exemplis
604 1761 669 1813 uter
688 1754 842 1832 particulis
864 1749 939 1833 πρίν
961 1761 994 1813 et
1016 1746 1084 1831 μήν.

480 2099 486 2108 ’
556 2155 708 2257 caput
732 2155 766 2233 Ι.

15 2401 16 2404 ¹
99 2307 298 2390 iustissimus
321 2324 397 2406 πρὶν
419 2333 448 2389 ct
470 2320 527 2408 μήν
549 2327 674 2406 crenpls
696 2327 852 2391 iristct'elis
876 2325 988 2390 dicendi
1011 2324 1153 2388 rationem
1172 2345 1230 2388 ιοιι

270 2429 386 2491 sanic·
410 2447 472 2491 csse
492 2429 522 2491 in
546 2430 675 2492 sanlius
699 2428 813 2508 seriptis
834 2428 1053 2490 iensnstrstsr.

180 2561 331 2622 Particnls
351 2560 425 2644 πρίν
460 2565 607 2646 quomodo
629 2567 667 2624 ab
690 2551 808 2644 optimis
830 2561 1024 2641 scriptoribus
1045 2561 1154 2624 Atticis
1176 2562 1229 2623 sd·
1250 2537 1253 2542 v

97 2661 189 2722 hibin
209 2665 249 2724 sit
269 2664 496 2742 grammatici*)
519 2669 634 2741 docent,
656 2687 781 2747 quornm
797 2662 959 2724 sententias
973 2663 1086 2724 referre
1107 2666 1238 2748 longum

97 2773 140 2822 cst
158 2785 256 2846 neque
278 2777 403 2848 eportet,
436 2790 503 2831 cnm
540 2791 598 2830 non
633 2770 670 2829 de
688 2766 875 2848 particulis
865 2786 897 2824 ιιι
920 2765 1094 2824 universum
1115 2764 1170 2826 sed
1193 2764 1232 2826 de

15 2913 17 2936 ,
76 2865 267 2928 »Aristotelis
299 2889 354 2929 usu
377 2871 477 2932 dicere
506 2873 592 2932 mihi
600 2870 812 2951 proposuerim
856 2867 965 2946 Itaque
985 2873 1170 2927 transeamus
1191 2866 1231 2927 nd

95 2967 301 3047 philosophum
322 2971 429 3052 ipsum.
474 2971 554 3055 Πρίν
587 2994 652 3033 curn
673 2971 832 3032 indicativo
854 2969 900 3029 bis
926 2969 1075 3028 invenitur
1097 2965 1175 3048 (scil.
1198 2970 1230 3028 in

94 3069 129 3129 iis
151 3071 269 3150 scriptis
290 3091 367 3150 quae
388 3077 498 3150 evolvi)
520 3076 611 3140 Rhet.
638 3071 729 3137 1393.
750 3094 777 3132 a.
806 3068 862 3162 335
886 3068 941 3129 καὶ
959 3063 1022 3150 γὰρ
1042 3069 1172 3149 Δαρεῖος
1191 3059 1230 3128 ⁰13
1318 3161 1323 3169 ι

20 3158 24 3179 “
94 3165 250 3250 πρότερον
271 3168 352 3251 διέβη
388 3174 464 3257 πρὶν
486 3172 654 3255 Αἴγυπτον
687 3173 803 3252 ἔλαβεν
834 3171 890 3254 (ita
919 3171 999 3233 enim
1020 3170 1179 3232 Bekkerus
1199 3174 1230 3232 in

94 3273 223 3334 editione
252 3275 366 3335 minore
398 3299 463 3339 cum
494 3280 604 3360 optimo
639 3277 740 3340 codice
769 3272 872 3349 A⁰**)
906 3275 1071 3336 rectissime
1104 3275 1231 3352 scripsit,
1320 3293 1325 3302 ·

94 3393 157 3434 cnm
186 3377 219 3434 in
251 3379 364 3455 majore
385 3380 495 3441 habent
518 3380 655 3459 ἐλαβεν),
685 3379 774 3442 1393.
799 3379 828 3440 b.
852 3374 870 3438 2
907 3376 957 3456 qui
989 3376 1071 3436 locus
1093 3375 1251 3458 proxime-

93 3479 239 3556 sequitur:
275 3475 328 3536 κἀὶ
359 3475 459 3541 πάλιν
479 3479 590 3563 Ξέρξης
614 3477 654 3540 οὐ
673 3473 832 3563 πρότερον
854 3473 1030 3556 ἐπεχείρησε
1051 3475 1129 3558 πρὶν
1152 3476 1231 3536 ἐλα-

93 3573 149 3650 βεν.
187 3578 276 3652 Quod
298 3582 476 3646 indicativus
491 3593 650 3666 praeterea
670 3600 729 3644 non
750 3583 909 3655 invenitur,
931 3580 991 3639 noli
1007 3581 1127 3656 mirari,
1151 3580 1231 3660 qnod

93 3731 285 3742 ·—---.---.-»

156 3799 240 3866 ⁸)Cf.
259 3801 406 3853 Bsnmlein.
441 3803 682 3867 Untersnchnngen
709 3803 775 3856 iiber
803 3801 847 3852 die
875 3797 1059 3865 griechischen
1077 3797 1151 3848 Medi
1168 3811 1231 3863 psg.

90 3887 200 3948 tiit-91,
216 3889 362 3951 ess-sto,
389 3893 536 3942 342-347.
572 3891 604 3941 G.
625 3887 769 3940 Hermann.
798 3887 831 3938 cle
855 3885 988 3952 psrtienls
1010 3880 1055 3948 cis,
1073 3898 1166 3948 opusc.
1183 3881 1232 3938 lv.

96 3973 236 4022 103-109.
315 3997 320 4004 ·
