2934 5076
796 464 852 534 ,90

316 629 365 728 his
396 631 600 714 potissimum
630 629 721 695 libris
744 629 785 696 da
809 629 946 694 Oratore
969 627 1081 694 Cicero
1104 627 1166 692 sibi
1187 625 1340 710 perfacile

316 756 404 816 esse,
428 757 462 800 se
484 734 526 802 ob
549 755 620 800 eam
641 754 710 800 rem
730 755 842 800 rerum
864 739 897 799 et
920 733 1098 817 perfectum
1120 736 1284 798 oratorem
1306 735 1340 796 01
1453 787 1454 818 ,

316 839 415 904 1010111
438 839 598 923 significat
620 842 652 902 et
674 836 787 902 haberi
809 836 893 916 vult,
920 836 1048 920 qualem
1071 857 1089 900 a
1113 833 1231 900 Crasso
1254 833 1340 922 cogi-
1453 821 1454 902 1

314 943 438 1008 tatione
455 948 488 1007 et
503 948 609 1007 mente
625 941 703 1024 fingi
719 943 789 1024 ipse
804 929 950 1006 voluerat
960 941 1032 1025 200).
1078 939 1235 1017 Quocirca
1250 936 1340 1022 quod
1453 923 1454 998 1

316 1047 410 1112 valde
440 1047 503 1112 sibi
525 1045 681 1129 probatos
705 1067 775 1112 esse
797 1046 856 1112 hos
878 1047 918 1112 de
942 1047 1080 1112 Oratore
1101 1044 1201 1110 libros
1223 1043 1338 1110 Cicero
1453 1075 1454 1132 3

315 1151 363 1216 ait
385 1151 419 1216 in
440 1150 591 1234 Epistola
618 1149 674 1215 1110
701 1151 743 1215 ad
764 1151 997 1235 Attioum²⁰¹),
1031 1149 1176 1233 profecto
1199 1150 1267 1233 ejus
1289 1147 1341 1210 rei
1453 1225 1454 1238 ἵ

313 1239 402 1318 nulla
425 1259 475 1318 est
497 1253 562 1320 alia
585 1274 701 1335 causa,
735 1255 799 1320 nisi
828 1255 931 1338 quod,
967 1253 1094 1336 qualem
1124 1256 1340 1318 summumst

315 1357 494 1441 perlectum
516 1362 680 1422 oratorem
710 1358 904 1441 cogitatione
935 1363 1034 1441 atque
1062 1357 1168 1422 animo
1190 1353 1340 1422 intueba·
1453 1409 1454 1420 2

313 1469 385 1542 tur,
420 1461 520 1527 talem
550 1483 584 1526 se
613 1462 744 1527 tandem
771 1461 944 1546 aliqnando
966 1463 1072 1545 ipsum
1095 1461 1258 1527 exstitisse
1279 1480 1342 1542 per

311 1565 412 1631 libros
447 1565 487 1630 de
512 1565 651 1631 Oratore
684 1564 860 1649 probatum
889 1566 1064 1632 lectoribus
1096 1586 1165 1630 esse
1186 1561 1339 1648 putabat.
1453 1575 1454 1634 ζ

311 1670 355 1736 Et
384 1691 463 1734 sane
492 1675 529 1734 ut
552 1669 689 1736 Crassus
712 1669 880 1734 Platonem
904 1669 982 1736 dicit
1012 1670 1047 1736 in
1068 1668 1241 1734 irridendis
1263 1686 1338 1732 ora·
1453 1715 1454 1736 t

311 1775 438 1842 toribus
460 1795 619 1840 summum
640 1773 704 1846 sibi
724 1767 887 1839 oratorem
909 1775 1013 1840 visum
1035 1795 1105 1838 esse
1118 1773 1191 1856 202),
1216 1771 1261 1836 sio
1284 1769 1339 1836 Ci·
1366 1805 1370 1812 ·

312 1901 385 1945 cero
408 1878 595 1946 Aristotelio
619 1899 709 1944 more
732 1879 817 1958 dum,
842 1899 925 1961 quae
948 1878 1013 1942 sint
1036 1877 1185 1956 oratoris,
1208 1875 1340 1960 quaerit

311 1989 344 2049 et
364 1985 516 2067 proponit
536 1985 571 2050 111
591 1988 763 2065 utramque
785 1988 912 2065 partem
941 1981 1124 2064 disputans,
1156 1978 1227 2062 ipse
1249 2001 1339 2044 sum-
1453 1965 1454 2022 ἶ

309 2108 380 2152 mus
403 2087 466 2154 sibi
489 2093 600 2152 orator
624 2086 693 2150 sine
721 2085 818 2153 dubio
850 2087 936 2152 visus
962 2091 1021 2150 est.
1075 2083 1112 2153 In
1136 2103 1200 2166 qua
1221 2104 1257 2148 re
1278 2083 1339 2166 qui

309 2212 374 2257 nou
397 2191 570 2256 admodum
600 2189 699 2256 hebes
728 2193 778 2253 est
801 2195 900 2271 atque
923 2187 1074 2270 obtusus,
1097 2187 1190 2254 facile
1212 2187 1338 2270 perspi·

309 2311 382 2360 cere
415 2295 555 2378 poterit,
589 2299 626 2359 ut
657 2292 789 2359 Phidias
818 2291 948 2357 inclusit
973 2293 1007 2357 in
1033 2290 1144 2376 clypeo
1172 2289 1338 2356 Minervae

309 2399 359 2462 sui
382 2396 516 2462 similem
543 2397 682 2481 speciem
691 2397 773 2481 200),
799 2396 878 2460 110111
906 2395 1089 2462 Ciceronem
1122 2396 1156 2460 in
1186 2395 1260 2460 illos
1295 2395 1338 2462 de

310 2501 447 2567 Oratore
468 2501 568 2566 libros
592 2501 642 2565 sui
662 2501 764 2584 ipsius
781 2499 998 2566 laudationem
1020 2499 1160 2582 aliquam
1184 2499 1336 2566 siminus

309 2611 473 2690 apertam,
508 2611 543 2672 at
576 2605 735 2673 occultam
760 2610 870 2670 tamen
903 2611 936 2670 et
969 2605 1130 2672 obtectam
1158 2604 1338 2672 inseruisse

307 2709 404 2794 inque
426 2727 460 2776 se
481 2715 649 2794 tamquam
669 2712 704 2776 in
726 2733 798 2776 eum
822 2733 952 2777 suorum
981 2712 1096 2778 civium
1125 2709 1234 2776 oculos
1260 2731 1338 2777 con·

307 2821 432 2880 vertere
453 2813 608 2896 voluisse,
641 2815 680 2880 de
703 2835 766 2899 quo
789 2815 876 2882 velut
896 2820 986 2881 rates
1008 2819 1146 2900 majores
1167 2821 1337 2899 tamquam

308 2919 482 3003 aliquando
519 2920 628 2985 futuro
668 2921 923 3002 praesenserint,
962 2941 1025 3003 quo
1065 2919 1145 2984 nihil
1181 2942 1337 3004 umquam

307 3025 483 3108 quidquam
514 3024 548 3088 111
579 3044 694 3108 genere
728 3025 888 3106 oratorio,
930 3024 1016 3107 quod
1046 3023 1251 3090 excellentius
1282 3027 1336 3107 sit,

308 3129 489 3212 exspectari
511 3127 639 3193 debeat.
684 3127 873 3193 Institutum
895 3133 1003 3194 autem
1018 3148 1089 3192 esse
1101 3127 1143 3192 ab
1160 3129 1336 3196 Aristotele

206 3217 210 3232 ⁸
306 3233 367 3298 hoc
388 3233 540 3313 maxime,
574 3237 611 3296 ut
638 3232 672 3300 111
693 3237 1012 3315 utramquepartem
1034 3231 1232 3314 disputaret,
1266 3233 1336 3300 fere

306 3356 535 3419 usquequaque
579 3334 664 3417 apud
696 3333 880 3400 Ciceronem
913 3335 1057 3418 legimus.
1123 3339 1195 3404 Non
1229 3327 1334 3406 solnm

306 3442 390 3506 enim
414 3439 539 3506 dicendi
562 3439 812 3524 disputandique
835 3429 1099 3507 exercitationem,
1120 3449 1153 3508 et
1176 3446 1332 3510 sermonis

306 3550 456 3610 ornatum
490 3564 562 3608 cum
597 3565 705 3610 rerum
746 3543 928 3628 cognitione
964 3550 996 3608 et
1024 3545 1227 3629 philosophia
1259 3549 1334 3631 ipsa

305 3649 507 3733 conjunxisse
528 3647 801 3732 perhibetur-²⁰⁴),
836 3646 894 3712 sed
922 3649 1024 3714 multo
1053 3652 1155 3734 magis
1178 3652 1276 3718 etiam
1298 3654 1334 3718 in

312 3775 517 3784 ...φ-...Ἣ

305 3815 463 3885 tinnienti),
490 3826 513 3868 et
532 3820 628 3869 omnino
647 3819 753 3868 inlibris
773 3817 801 3866 ad
819 3815 986 3883 philosophiam
1009 3823 1192 3885 pertinentibus,
1220 3833 1334 3889 quatenns

304 3910 328 3959 in
346 3908 374 3958 iis
391 3907 521 3957 Aristotelio
539 3908 645 3957 moreio
664 3915 784 3970 utramque
802 3913 890 3970 partem
908 3907 1044 3972 disputatur.

378 3996 445 4065 2011)
463 3999 496 4048 De
517 4000 588 4048 Orat.
607 4000 651 4060 ΠΙ,
670 3997 719 4058 21,
739 3995 783 4048 80.
899 3995 967 4066 201)
984 3999 1043 4060 Xlll,
1065 3999 1107 4050 19.
1215 4000 1281 4068 202)
1301 4002 1334 4051 Do

306 4091 377 4140 Crat.
396 4089 421 4149 1,
443 4088 489 4150 11,
508 4088 550 4138 41.
667 4084 734 4154 203)
756 4086 827 4136 Ture.
847 4085 919 4155 Dirp.
940 4089 965 4152 1,
988 4089 1102 4152 1001..
1213 4090 1333 4160 2114)1)0

305 4178 438 4239 0101111,
458 4177 507 4238 35,
527 4178 593 4240 1413
613 4177 683 4229 Tuto.
704 4176 857 4244 1110111,
878 4177 901 4228 ’1.
