2870 5076
777 393 818 458 π
863 433 898 442 .-

218 563 294 628 lium
323 561 430 628 inierit
459 573 491 630 et
521 563 694 630 confecerit
724 587 806 652 opus
834 575 899 634 tam
930 567 1133 654 praeclarum
1144 566 1181 653 ¹).
1224 569 1362 634 Attamen

220 673 366 738 dualisml
390 674 511 762 aliquid
532 685 655 740 restare
677 676 788 762 negari
811 701 876 742 non
899 686 1015 764 potest.
1047 679 1164 766 Neque
1180 677 1284 744 minus
1297 680 1322 744 is
1335 680 1363 744 in

220 784 364 849 doctrina
379 785 544 850 Platonica
565 785 734 872 reperitur.
768 787 864 874 Apud
879 787 1046 852 Platonem
1071 787 1155 853 enim
1178 811 1270 856 mene
1292 789 1365 876 regit

219 895 444 960 necessitatem
466 894 689 981 persuadendo
701 895 737 983 ²).
771 896 1008 962 Persuademus
1029 907 1135 963 autem
1159 899 1189 963 ei
1213 899 1267 987 qui
1285 923 1363 964 suam

220 1005 317 1068 habet
340 1005 535 1069 voluntatem
565 1013 661 1092 atque
684 1007 748 1072 vim
772 1005 957 1091 resistendi3
986 1030 1090 1095 neque
1118 1011 1283 1095 persuasio
1304 1010 1365 1075 fieri

221 1125 341 1203 potest,
363 1114 425 1179 nisi
450 1114 580 1180 alterius
602 1127 737 1183 naturae
759 1117 917 1182 rationem
931 1117 1095 1206 habemus
1120 1119 1214 1207 eique
1238 1119 1365 1207 aliquan·

220 1235 287 1290 tum
320 1223 534 1290 concedimus.
580 1226 697 1314 Itaque
726 1227 776 1292 cui
806 1226 1057 1314 persuadeamus
1085 1251 1221 1296 necesse
1251 1241 1310 1312 est,
1338 1230 1366 1294 in

222 1356 294 1400 eum
316 1333 486 1421 imperium
509 1345 652 1401 nostrum
675 1358 740 1402 non
765 1347 813 1402 est
835 1339 965 1424 plenum
989 1339 1245 1427 perfectumque.
1282 1341 1367 1406 Valet

221 1453 328 1510 autem
359 1466 449 1510 mens
475 1445 531 1510 tali
555 1445 679 1511 ratione
701 1448 869 1512 materiam
892 1469 1006 1533 regere
1029 1457 1061 1512 et
1082 1449 1275 1536 gubernare,
1299 1435 1366 1515 'oum

222 1555 292 1642 ipsa
315 1555 355 1619 eit
377 1557 528 1644 prudens,
552 1579 649 1620 caeca
671 1557 735 1621 illa.
775 1556 912 1635 Quoda
934 1558 1075 1646 Platone¹
1092 1559 1268 1646 significari
1289 1569 1366 1649 puta·

222 1689 293 1730 mus
318 1667 439 1732 verbis:
464 1662 513 1734 δι’
531 1661 673 1754 ἀνάγκης
695 1661 882 1756 ἡττωμένης
898 1662 973 1735 ὑπὸ.
988 1672 1136 1750 πειθοῦς
1158 1665 1368 1760 ἔμφρονος,

222 1776 281 1840 etei
304 1775 336 1840 id
359 1801 417 1864 pro
441 1789 528 1844 certo
554 1780 713 1847 affirmare
740 1802 805 1844 nou
834 1779 997 1846 audemus.
1041 1782 1178 1848 Prorsus
1202 1805 1278 1849 vero
1305 1807 1369 1848 con·

222 1886 310 1952 venit
340 1889 555 1975 persuadendi
583 1889 682 1955 verbo
717 1889 802 1977 quod
834 1889 922 1954 dicit:
957 1900 1013 1977 nut
1041 1892 1216 1978 plurima
1239 1892 1279 1958 ad
1300 1892 1370 1979 opti-

223 2021 310 2064 mum
333 1998 518 2084 perducat,“
543 2024 621 2066 non:
652 1999 835 2086 „omnia‘t
879 2000 997 2088 Neque
1020 2001 1126 2068 minus
1149 2025 1222 2068 cum
1246 2025 1282 2070 eo
1305 2025 1369 2069 con·

129 2086 132 2094 ,
223 2107 310 2195 gruit
344 2109 429 2195 quod
463 2110 556 2174 Plato
590 2114 706 2176 iterum
744 2110 926 2199 iterumque
965 2112 1042 2177 dicit
1084 2114 1179 2178 deum
1213 2113 1369 2190 mundum,

224 2227 414 2305 quantum
451 2218 548 2284 fieri
586 2221 791 2308 potuerit,
833 2223 988 2308 optimum
1025 2223 1217 2308 effecisse³).
1263 2225 1370 2312 ltaque

223 2327 275 2390 vel
304 2351 366 2393 uno
397 2330 612 2416 persuadendi
643 2330 800 2396 vocabulo
831 2331 995 2418 prohiberi
1024 2333 1180 2416 videmur,
1210 2338 1370 2422 quominus

224 2438 308 2524 apud
324 2437 493 2504 Platonem
517 2439 558 2504 de
580 2440 758 2506 idealistica
781 2463 877 2530 quarn
894 2454 1012 2510 vocant
1032 2447 1166 2510 materia
1190 2445 1369 2530 cogitemus.

225 2548 288 2628 Qui
312 2549 408 2632 enim,
432 2571 563 2636 quaeso,
587 2554 722 2622 materia
736 2553 769 2618 id
783 2555 913 2640 generis
936 2555 968 2618 vi
991 2553 1037 2618 uti
1061 2562 1168 2640 potest
1189 2555 1370 2622 resistendi?

224 2659 340 2747 Neque
363 2661 465 2748 magis
489 2683 616 2728 sumere
639 2663 715 2731 licet
738 2665 904 2730 materiam
928 2665 1094 2730 Platonem
1117 2667 1256 2734 voluisse
1279 2666 1369 2732 adeo

225 2793 296 2835 esse
327 2772 514 2857 profectam.
572 2771 639 2840 Our
671 2777 756 2842 enim
789 2799 878 2843 mens
911 2797 1046 2842 necesse
1080 2786 1165 2842 esset
1193 2778 1221 2842 ei
1252 2799 1369 2866 persua·

225 2881 340 2946 deret?
1148 2893 1154 2900 “

311 2993 378 3060 Sed
399 2992 462 3060 iam
490 2994 582 3059 nobis
609 2995 812 3063 redeundum
835 2977 946 3062 estad
969 2994 1188 3064 Aristotelem.
1233 2999 1369 3066 Vidimus

276 3231 282 3244 ¹
298 3215 316 3282 ¹)
334 3219 398 3269 Cum
419 3218 543 3269 universa
556 3218 689 3272 doctrinae
700 3220 872 3272 Aristoteleae
889 3219 976 3272 indole
989 3222 1145 3286 requiratur,
1165 3228 1201 3274 ut.
1213 3224 1279 3280 deus,
1294 3235 1370 3274 rerum

224 3305 383 3370 principium
402 3308 445 3369 sit,
465 3307 530 3356 velit
549 3314 635 3358 autem
655 3308 830 3375 philosophus
850 3314 984 3359 aeternum
1002 3325 1059 3359 esse
1075 3309 1212 3374 mundum,
1232 3313 1370 3362 facerenon

223 3408 373 3457 possumus,
403 3396 467 3458 quin
493 3395 526 3444 ab
549 3397 620 3445 omni
644 3399 797 3447 aeternitate
826 3411 885 3445 eum
909 3395 1043 3446 conditum
1067 3411 1124 3448 esse
1148 3413 1290 3451 sumamus.
1324 3395 1370 3459 Qui

225 3489 312 3531 autem
336 3483 388 3533 loci
406 3483 559 3533 Aristotelei
588 3500 648 3534 cum
673 3484 723 3534 hae
747 3484 878 3536 sententia
904 3484 1040 3534 conciliari
1064 3500 1142 3550 posse
1173 3503 1226 3537 uon
1250 3489 1369 3545 videntur,

224 3569 333 3634 profecti
352 3576 414 3620 sunt
432 3571 493 3622 inde
511 3572 580 3637 quod
600 3573 707 3623 initium
724 3571 757 3622 ab
775 3571 847 3623 omni
863 3572 1016 3622 aeternitate
1036 3573 1136 3624 factum
1152 3576 1235 3625 menti
1251 3574 1371 3626 humanae

226 3657 358 3710 adversari
377 3658 451 3709 solet.
1031 3689 1034 3698 ι

300 3745 318 3808 'l
334 3747 402 3800 Tim.
421 3763 445 3812 p.
460 3745 536 3797 ded:
560 3747 717 3816 μεμιγμένη
741 3741 795 3812 γὰρ
819 3738 869 3798 οὖν
887 3740 902 3811 ἡ
921 3745 1002 3796 τοῦδε
1025 3746 1073 3798 τοῦ
1098 3743 1207 3818 κόσμου
1228 3752 1329 3818 γένεσις
1346 3743 1370 3801 ἐξ

226 3827 346 3900 ἀνάγκης
368 3849 396 3886 τε
420 3835 468 3884 καὶ
489 3834 540 3886 νοῦ
564 3831 718 3890 συστάσεως
741 3829 884 3902 ἐγεννήθη.
909 3833 960 3887 νοῦ
984 3831 1016 3884 ἀὲ
1040 3829 1169 3901 ἀνάγκης
1188 3831 1317 3906 ἀρχοντος
1337 3829 1369 3896 τῷ

224 3923 332 3974 πείθειν
351 3917 435 3988 αὐτὴν
453 3922 507 3974 τῶν
529 3921 703 3990 γιγνομένων
727 3918 759 3973 τὰ
783 3923 897 3973 πλεῖστα
920 3922 966 3996 Ιἐπὶ
984 3917 1013 3972 τὸ
1032 3921 1172 3986 βέλτιστον
1191 3918 1275 3992 dyeia,
1296 3915 1369 3986 ruder

225 4004 294 4060 κατὰ
317 4004 402 4060 ταῦτά
428 4025 455 4061 τε
479 4005 511 4060 δι’
538 4004 659 4076 ἀνάγκης
676 4004 829 4080 ἡττωμένης
850 4005 905 4062 ὑπὸ
926 4010 1041 4067 πειθοῦς
1065 4008 1206 4080 ἔμφρονος
1229 4007 1297 4064 οὕτω
1314 3997 1368 4059 κατ’

226 4090 312 4163 ἀρχάς
330 4097 473 4155 ξυνίστατο
492 4093 556 4148 τάδε
575 4093 604 4147 τὸ
624 4097 689 4150 πᾶν.

297 4182 318 4250 ³)
337 4187 405 4236 Tim.
425 4203 449 4252 p.
464 4187 538 4237 30A:
557 4185 701 4251 βουληθεὶς
718 4182 772 4255 γάρ
786 4182 799 4238 ὁ
814 4181 877 4250 θεὸς
896 4183 992 4254 ἀγαθά
1010 4185 1063 4257 μὲν
1083 4182 1183 4254 πάντα,
1203 4188 1325 4258 φλαῦρον
1342 4177 1368 4231 (ll
1426 4211 1427 4216 =

223 4270 312 4343 μηδὲν
330 4271 400 4327 εἶναι
418 4270 487 4325 κατὰ
506 4269 642 4344 δύναμιν,
669 4268 740 4326 οὕτω
765 4271 799 4340 δὴ
820 4274 894 4340 πᾶν,
919 4270 988 4336 door
1010 4269 1044 4340 ἦν
1069 4270 1186 4344 ὁρατόν,
1211 4265 1368 4348 naperaetv

226 4357 278 4428 οὐχ
300 4356 416 4429 ἡσυχίαν
440 4355 516 4429 ἀγον,
542 4357 611 4412 ἀλλά
636 4357 800 4431 κινούμενον
825 4363 990 4434 πλημμελῶς
1014 4362 1062 4414 καὶ
1085 4358 1219 4430 ἀτάκτως,
1243 4365 1280 4424 εἷς
1300 4353 1368 4416 1le

196 4485 201 4500 .
226 4447 293 4504 αὐτὸ
313 4443 415 4520 ἤγαγεν
435 4447 464 4502 ἐκ
483 4451 527 4517 τῆς
545 4448 665 4511 ἀταξίας.
