<?xml version="1.0" encoding="UTF-8"?>
<!DOCTYPE html PUBLIC "-//W3C//DTD XHTML 1.0 Transitional//EN"
    "http://www.w3.org/TR/xhtml1/DTD/xhtml1-transitional.dtd">
<html xmlns="http://www.w3.org/1999/xhtml" xml:lang="en" lang="en">
 <head>
  <title>
</title>
<meta http-equiv="Content-Type" content="text/html;charset=utf-8" />
  <meta name='ocr-system' content='tesseract 3.04.00' />
  <meta name='ocr-capabilities' content='ocr_page ocr_carea ocr_par ocr_line ocrx_word'/>
</head>
<body>
  <div class='ocr_page' id='page_1' title='image "./dearistotelisez00thomgoog_0104.png"; bbox 0 0 2934 5076; ppageno 0'>
   <div class='ocr_carea' id='block_1_1' title="bbox 806 462 846 524">
    <p class='ocr_par' dir='ltr' id='par_1_1' title="bbox 806 462 846 524">
     <span class='ocr_line' id='line_1_1' title="bbox 806 462 846 524; baseline -0.05 0"><span class='ocrx_word' id='word_1_1' title='bbox 806 462 846 524; x_wconf 87' lang='grc'>96</span> 
     </span>
    </p>
   </div>
   <div class='ocr_carea' id='block_1_2' title="bbox 316 622 1458 813">
    <p class='ocr_par' dir='ltr' id='par_1_2' title="bbox 316 622 1458 813">
     <span class='ocr_line' id='line_1_2' title="bbox 316 622 1457 712; baseline -0.003 -20"><span class='ocrx_word' id='word_1_2' title='bbox 316 649 379 712; x_wconf 93' lang='lat' dir='ltr'>quo</span> <span class='ocrx_word' id='word_1_3' title='bbox 401 622 623 692; x_wconf 79' lang='lat' dir='ltr'>Aristoteliam</span> <span class='ocrx_word' id='word_1_4' title='bbox 645 644 767 690; x_wconf 91' lang='lat' dir='ltr'>morem</span> <span class='ocrx_word' id='word_1_5' title='bbox 790 628 878 692; x_wconf 89' lang='lat' dir='ltr'>cerni</span> <span class='ocrx_word' id='word_1_6' title='bbox 907 625 1011 692; x_wconf 86' lang='lat' dir='ltr'>vellet.</span> <span class='ocrx_word' id='word_1_7' title='bbox 1064 625 1172 710; x_wconf 80' lang='lat' dir='ltr'><strong>Atque</strong></span> <span class='ocrx_word' id='word_1_8' title='bbox 1200 627 1248 691; x_wconf 87' lang='lat' dir='ltr'>sic</span> <span class='ocrx_word' id='word_1_9' title='bbox 1270 626 1337 710; x_wconf 90' lang='lat' dir='ltr'>qui·</span> <span class='ocrx_word' id='word_1_10' title='bbox 1455 701 1457 703; x_wconf 17' lang='lat'>¹</span> 
     </span>
     <span class='ocr_line' id='line_1_3' title="bbox 316 726 1458 813; baseline -0.005 -16"><span class='ocrx_word' id='word_1_11' title='bbox 316 733 402 811; x_wconf 90' lang='lat' dir='ltr'>dem,</span> <span class='ocrx_word' id='word_1_12' title='bbox 436 749 519 813; x_wconf 88' lang='lat' dir='ltr'>quae</span> <span class='ocrx_word' id='word_1_13' title='bbox 549 726 589 792; x_wconf 93' lang='lat' dir='ltr'>de</span> <span class='ocrx_word' id='word_1_14' title='bbox 622 728 807 794; x_wconf 82' lang='lat' dir='ltr'>Aristotelis</span> <span class='ocrx_word' id='word_1_15' title='bbox 838 729 1025 813; x_wconf 90' lang='lat' dir='ltr'>disputandi</span> <span class='ocrx_word' id='word_1_16' title='bbox 1058 731 1183 796; x_wconf 86' lang='lat' dir='ltr'>ratione</span> <span class='ocrx_word' id='word_1_17' title='bbox 1220 730 1338 796; x_wconf 89' lang='lat' dir='ltr'>scimus</span> <span class='ocrx_word' id='word_1_18' title='bbox 1454 770 1458 804; x_wconf 84' lang='lat'>·,</span> 
     </span>
    </p>
   </div>
   <div class='ocr_carea' id='block_1_3' title="bbox 314 823 1459 1126">
    <p class='ocr_par' dir='ltr' id='par_1_3' title="bbox 314 823 1459 1126">
     <span class='ocr_line' id='line_1_4' title="bbox 315 823 1459 915; baseline -0.005 -14"><span class='ocrx_word' id='word_1_19' title='bbox 315 856 387 900; x_wconf 91' lang='lat' dir='ltr'>cum</span> <span class='ocrx_word' id='word_1_20' title='bbox 409 831 569 914; x_wconf 89' lang='lat' dir='ltr'>exipsius</span> <span class='ocrx_word' id='word_1_21' title='bbox 591 828 683 895; x_wconf 87' lang='lat' dir='ltr'>libris</span> <span class='ocrx_word' id='word_1_22' title='bbox 705 831 800 898; x_wconf 87' lang='lat' dir='ltr'>hodie</span> <span class='ocrx_word' id='word_1_23' title='bbox 824 833 1037 911; x_wconf 79' lang='lat' dir='ltr'><strong>exstantibus,</strong></span> <span class='ocrx_word' id='word_1_24' title='bbox 1059 835 1129 898; x_wconf 90' lang='lat' dir='ltr'>tum</span> <span class='ocrx_word' id='word_1_25' title='bbox 1142 853 1182 898; x_wconf 86' lang='lat' dir='ltr'>ex</span> <span class='ocrx_word' id='word_1_26' title='bbox 1201 831 1339 898; x_wconf 90' lang='lat' dir='ltr'>aliorum</span> <span class='ocrx_word' id='word_1_27' title='bbox 1454 823 1459 915; x_wconf 69' lang='lat' dir='ltr'>l,</span> 
     </span>
     <span class='ocr_line' id='line_1_5' title="bbox 314 932 1459 1020; baseline -0.003 -17"><span class='ocrx_word' id='word_1_28' title='bbox 314 938 354 1004; x_wconf 92' lang='lat' dir='ltr'>de</span> <span class='ocrx_word' id='word_1_29' title='bbox 376 957 415 1002; x_wconf 93' lang='lat' dir='ltr'>ea</span> <span class='ocrx_word' id='word_1_30' title='bbox 436 932 522 999; x_wconf 85' lang='lat' dir='ltr'>velut</span> <span class='ocrx_word' id='word_1_31' title='bbox 541 937 688 999; x_wconf 72' lang='lat' dir='ltr'>‘veterum</span> <span class='ocrx_word' id='word_1_32' title='bbox 709 935 931 1020; x_wconf 81' lang='lat' dir='ltr'>interpretum,</span> <span class='ocrx_word' id='word_1_33' title='bbox 955 936 1165 1016; x_wconf 82' lang='lat' dir='ltr'>testimoniis,</span> <span class='ocrx_word' id='word_1_34' title='bbox 1189 957 1337 1019; x_wconf 91' lang='lat' dir='ltr'>quaeque</span> <span class='ocrx_word' id='word_1_35' title='bbox 1456 983 1459 1016; x_wconf 80' lang='lat'>,</span> 
     </span>
     <span class='ocr_line' id='line_1_6' title="bbox 314 1037 1459 1126; baseline -0.001 -18"><span class='ocrx_word' id='word_1_36' title='bbox 314 1040 443 1108; x_wconf 82' lang='lat' dir='ltr'>aliunde</span> <span class='ocrx_word' id='word_1_37' title='bbox 465 1038 544 1104; x_wconf 87' lang='lat' dir='ltr'>satis</span> <span class='ocrx_word' id='word_1_38' title='bbox 566 1037 778 1121; x_wconf 82' lang='lat' dir='ltr'>probabiliter</span> <span class='ocrx_word' id='word_1_39' title='bbox 800 1040 952 1125; x_wconf 81' lang='lat' dir='ltr'>colligere</span> <span class='ocrx_word' id='word_1_40' title='bbox 973 1062 1163 1125; x_wconf 90' lang='lat' dir='ltr'>possumus,</span> <span class='ocrx_word' id='word_1_41' title='bbox 1194 1047 1231 1108; x_wconf 92' lang='lat' dir='ltr'>ut</span> <span class='ocrx_word' id='word_1_42' title='bbox 1253 1043 1340 1108; x_wconf 90' lang='lat' dir='ltr'>inter</span> <span class='ocrx_word' id='word_1_43' title='bbox 1456 1089 1459 1126; x_wconf 49' lang='lat'><em>2</em></span> 
     </span>
    </p>
   </div>
   <div class='ocr_carea' id='block_1_4' title="bbox 315 1144 1459 1752">
    <p class='ocr_par' dir='ltr' id='par_1_4' title="bbox 315 1144 1459 1229">
     <span class='ocr_line' id='line_1_7' title="bbox 315 1144 1459 1229; baseline 0 -17"><span class='ocrx_word' id='word_1_44' title='bbox 315 1169 349 1214; x_wconf 86' lang='lat' dir='ltr'>se</span> <span class='ocrx_word' id='word_1_45' title='bbox 371 1146 582 1224; x_wconf 88' lang='lat' dir='ltr'>consentiant,</span> <span class='ocrx_word' id='word_1_46' title='bbox 605 1144 714 1228; x_wconf 88' lang='lat' dir='ltr'>aliquo</span> <span class='ocrx_word' id='word_1_47' title='bbox 736 1145 831 1211; x_wconf 93' lang='lat' dir='ltr'>modo</span> <span class='ocrx_word' id='word_1_48' title='bbox 854 1146 936 1212; x_wconf 84' lang='lat' dir='ltr'>effici</span> <span class='ocrx_word' id='word_1_49' title='bbox 957 1168 1053 1229; x_wconf 87' lang='lat' dir='ltr'>posse</span> <span class='ocrx_word' id='word_1_50' title='bbox 1075 1147 1212 1214; x_wconf 89' lang='lat' dir='ltr'>videtur.</span> <span class='ocrx_word' id='word_1_51' title='bbox 1456 1205 1459 1229; x_wconf 81' lang='lat'>,</span> 
     </span>
    </p>

    <p class='ocr_par' dir='ltr' id='par_1_5' title="bbox 315 1249 1458 1752">
     <span class='ocr_line' id='line_1_8' title="bbox 379 1249 1458 1336; baseline 0.003 -20"><span class='ocrx_word' id='word_1_52' title='bbox 379 1249 472 1316; x_wconf 89' lang='lat' dir='ltr'>Hanc</span> <span class='ocrx_word' id='word_1_53' title='bbox 493 1253 634 1312; x_wconf 87' lang='lat' dir='ltr'>nostram</span> <span class='ocrx_word' id='word_1_54' title='bbox 659 1250 854 1314; x_wconf 85' lang='lat' dir='ltr'>sententiam</span> <span class='ocrx_word' id='word_1_55' title='bbox 885 1251 986 1333; x_wconf 91' lang='lat' dir='ltr'>siquis</span> <span class='ocrx_word' id='word_1_56' title='bbox 1015 1252 1121 1316; x_wconf 90' lang='lat' dir='ltr'>minus</span> <span class='ocrx_word' id='word_1_57' title='bbox 1152 1252 1339 1336; x_wconf 89' lang='lat' dir='ltr'>comproba·</span> <span class='ocrx_word' id='word_1_58' title='bbox 1456 1297 1458 1334; x_wconf 68' lang='lat'>3</span> 
     </span>
     <span class='ocr_line' id='line_1_9' title="bbox 316 1353 1340 1439; baseline 0.001 -19"><span class='ocrx_word' id='word_1_59' title='bbox 316 1356 414 1434; x_wconf 88' lang='lat' dir='ltr'>verit,</span> <span class='ocrx_word' id='word_1_60' title='bbox 438 1353 586 1436; x_wconf 90' lang='lat' dir='ltr'>equidem</span> <span class='ocrx_word' id='word_1_61' title='bbox 609 1374 674 1419; x_wconf 90' lang='lat' dir='ltr'>non</span> <span class='ocrx_word' id='word_1_62' title='bbox 696 1355 957 1438; x_wconf 81' lang='lat' dir='ltr'>repugnaverim,</span> <span class='ocrx_word' id='word_1_63' title='bbox 993 1354 1020 1418; x_wconf 93' lang='lat' dir='ltr'>si</span> <span class='ocrx_word' id='word_1_64' title='bbox 1041 1355 1112 1439; x_wconf 90' lang='lat' dir='ltr'>ipso</span> <span class='ocrx_word' id='word_1_65' title='bbox 1134 1361 1247 1422; x_wconf 89' lang='lat' dir='ltr'>nostro</span> <span class='ocrx_word' id='word_1_66' title='bbox 1269 1356 1340 1422; x_wconf 90' lang='lat' dir='ltr'>loco</span> 
     </span>
     <span class='ocr_line' id='line_1_10' title="bbox 315 1457 1341 1544; baseline -0.001 -18"><span class='ocrx_word' id='word_1_67' title='bbox 315 1466 480 1542; x_wconf 89' lang='lat' dir='ltr'>tamquam</span> <span class='ocrx_word' id='word_1_68' title='bbox 502 1462 586 1522; x_wconf 89' lang='lat' dir='ltr'>teste</span> <span class='ocrx_word' id='word_1_69' title='bbox 607 1462 701 1522; x_wconf 87' lang='lat' dir='ltr'>utens</span> <span class='ocrx_word' id='word_1_70' title='bbox 712 1457 919 1523; x_wconf 88' lang='lat' dir='ltr'>Aristotelem</span> <span class='ocrx_word' id='word_1_71' title='bbox 941 1457 976 1521; x_wconf 95' lang='lat' dir='ltr'>in</span> <span class='ocrx_word' id='word_1_72' title='bbox 998 1458 1064 1524; x_wconf 87' lang='lat' dir='ltr'>suis</span> <span class='ocrx_word' id='word_1_73' title='bbox 1084 1458 1218 1544; x_wconf 82' lang='lat' dir='ltr'>dialogis</span> <span class='ocrx_word' id='word_1_74' title='bbox 1234 1461 1341 1542; x_wconf 90' lang='lat' dir='ltr'>ipsum</span> 
     </span>
     <span class='ocr_line' id='line_1_11' title="bbox 315 1560 1341 1648; baseline -0.001 -19"><span class='ocrx_word' id='word_1_75' title='bbox 315 1565 403 1648; x_wconf 90' lang='lat' dir='ltr'>loqui</span> <span class='ocrx_word' id='word_1_76' title='bbox 425 1570 457 1629; x_wconf 92' lang='lat' dir='ltr'>et</span> <span class='ocrx_word' id='word_1_77' title='bbox 479 1563 696 1646; x_wconf 83' lang='lat' dir='ltr'>principatum</span> <span class='ocrx_word' id='word_1_78' title='bbox 721 1560 868 1628; x_wconf 89' lang='lat' dir='ltr'>obtinere</span> <span class='ocrx_word' id='word_1_79' title='bbox 891 1561 1022 1627; x_wconf 89' lang='lat' dir='ltr'>solitum</span> <span class='ocrx_word' id='word_1_80' title='bbox 1044 1583 1115 1628; x_wconf 89' lang='lat' dir='ltr'>esse</span> <span class='ocrx_word' id='word_1_81' title='bbox 1144 1563 1273 1644; x_wconf 90' lang='lat' dir='ltr'>credat,</span> <span class='ocrx_word' id='word_1_82' title='bbox 1308 1565 1341 1628; x_wconf 94' lang='lat' dir='ltr'>in</span> 
     </span>
     <span class='ocr_line' id='line_1_12' title="bbox 315 1664 1345 1752; baseline -0.001 -18"><span class='ocrx_word' id='word_1_83' title='bbox 315 1688 418 1752; x_wconf 90' lang='lat' dir='ltr'>eaque</span> <span class='ocrx_word' id='word_1_84' title='bbox 450 1687 485 1732; x_wconf 91' lang='lat' dir='ltr'>re</span> <span class='ocrx_word' id='word_1_85' title='bbox 516 1664 700 1732; x_wconf 80' lang='lat' dir='ltr'>Ciceronem</span> <span class='ocrx_word' id='word_1_86' title='bbox 733 1671 801 1752; x_wconf 91' lang='lat' dir='ltr'>ejus</span> <span class='ocrx_word' id='word_1_87' title='bbox 832 1666 1096 1732; x_wconf 88' lang='lat' dir='ltr'>consuetudinem</span> <span class='ocrx_word' id='word_1_88' title='bbox 1125 1675 1273 1734; x_wconf 88' lang='lat' dir='ltr'>secutum</span> <span class='ocrx_word' id='word_1_89' title='bbox 1303 1685 1345 1733; x_wconf 83' lang='lat' dir='ltr'>ex&#39;</span> 
     </span>
    </p>
   </div>
   <div class='ocr_carea' id='block_1_5' title="bbox 316 1769 1460 1855">
    <p class='ocr_par' dir='ltr' id='par_1_6' title="bbox 316 1769 1460 1855">
     <span class='ocr_line' id='line_1_13' title="bbox 316 1769 1460 1855; baseline -0.001 -17"><span class='ocrx_word' id='word_1_90' title='bbox 316 1794 375 1838; x_wconf 90' lang='lat' dir='ltr'>sua</span> <span class='ocrx_word' id='word_1_91' title='bbox 395 1772 502 1855; x_wconf 92' lang='lat' dir='ltr'>ipsum</span> <span class='ocrx_word' id='word_1_92' title='bbox 523 1790 664 1853; x_wconf 89' lang='lat' dir='ltr'>persona</span> <span class='ocrx_word' id='word_1_93' title='bbox 686 1769 824 1850; x_wconf 86' lang='lat' dir='ltr'>dixisse,</span> <span class='ocrx_word' id='word_1_94' title='bbox 855 1775 954 1854; x_wconf 88' lang='lat' dir='ltr'>atque</span> <span class='ocrx_word' id='word_1_95' title='bbox 976 1769 1060 1836; x_wconf 89' lang='lat' dir='ltr'>huno</span> <span class='ocrx_word' id='word_1_96' title='bbox 1090 1793 1160 1836; x_wconf 88' lang='lat' dir='ltr'>esse</span> <span class='ocrx_word' id='word_1_97' title='bbox 1182 1773 1342 1838; x_wconf 64' lang='lat' dir='ltr'>Aristote»</span> <span class='ocrx_word' id='word_1_98' title='bbox 1459 1825 1460 1830; x_wconf 30' lang='lat'>1</span> 
     </span>
    </p>
   </div>
   <div class='ocr_carea' id='block_1_6' title="bbox 314 1873 1341 1958">
    <p class='ocr_par' dir='ltr' id='par_1_7' title="bbox 314 1873 1341 1958">
     <span class='ocr_line' id='line_1_14' title="bbox 314 1873 1341 1958; baseline 0.002 -17"><span class='ocrx_word' id='word_1_99' title='bbox 314 1877 393 1941; x_wconf 91' lang='lat' dir='ltr'>lium</span> <span class='ocrx_word' id='word_1_100' title='bbox 415 1891 553 1954; x_wconf 89' lang='lat' dir='ltr'>morem,</span> <span class='ocrx_word' id='word_1_101' title='bbox 582 1893 677 1958; x_wconf 91' lang='lat' dir='ltr'>quem</span> <span class='ocrx_word' id='word_1_102' title='bbox 700 1873 811 1939; x_wconf 88' lang='lat' dir='ltr'>Cicero</span> <span class='ocrx_word' id='word_1_103' title='bbox 833 1874 897 1939; x_wconf 88' lang='lat' dir='ltr'>isto</span> <span class='ocrx_word' id='word_1_104' title='bbox 918 1873 989 1940; x_wconf 89' lang='lat' dir='ltr'>loco</span> <span class='ocrx_word' id='word_1_105' title='bbox 1017 1874 1161 1941; x_wconf 88' lang='lat' dir='ltr'>indicare</span> <span class='ocrx_word' id='word_1_106' title='bbox 1192 1876 1341 1944; x_wconf 84' lang='lat' dir='ltr'>voluerit.</span> 
     </span>
    </p>
   </div>
   <div class='ocr_carea' id='block_1_7' title="bbox 314 1977 1461 2166">
    <p class='ocr_par' dir='ltr' id='par_1_8' title="bbox 314 1977 1461 2166">
     <span class='ocr_line' id='line_1_15' title="bbox 314 1977 1461 2064; baseline 0.002 -18"><span class='ocrx_word' id='word_1_107' title='bbox 314 1983 421 2064; x_wconf 85' lang='lat' dir='ltr'>Atque</span> <span class='ocrx_word' id='word_1_108' title='bbox 443 1979 512 2044; x_wconf 89' lang='lat' dir='ltr'>sine</span> <span class='ocrx_word' id='word_1_109' title='bbox 534 1978 632 2045; x_wconf 95' lang='lat' dir='ltr'>dubio</span> <span class='ocrx_word' id='word_1_110' title='bbox 654 1978 755 2044; x_wconf 92' lang='lat' dir='ltr'>multo</span> <span class='ocrx_word' id='word_1_111' title='bbox 777 1977 810 2043; x_wconf 91' lang='lat' dir='ltr'>id</span> <span class='ocrx_word' id='word_1_112' title='bbox 834 1984 920 2044; x_wconf 90' lang='lat' dir='ltr'>esset</span> <span class='ocrx_word' id='word_1_113' title='bbox 942 1980 1138 2046; x_wconf 88' lang='lat' dir='ltr'>commodius</span> <span class='ocrx_word' id='word_1_114' title='bbox 1164 1987 1196 2047; x_wconf 91' lang='lat' dir='ltr'>et</span> <span class='ocrx_word' id='word_1_115' title='bbox 1218 1982 1261 2046; x_wconf 90' lang='lat' dir='ltr'>ad</span> <span class='ocrx_word' id='word_1_116' title='bbox 1285 2003 1341 2047; x_wconf 95' lang='lat' dir='ltr'>no·</span> <span class='ocrx_word' id='word_1_117' title='bbox 1460 2037 1461 2048; x_wconf 70' lang='grc'>,</span> 
     </span>
     <span class='ocr_line' id='line_1_16' title="bbox 316 2080 1461 2166; baseline -0.004 -14"><span class='ocrx_word' id='word_1_118' title='bbox 316 2091 420 2152; x_wconf 85' lang='lat' dir='ltr'>strum</span> <span class='ocrx_word' id='word_1_119' title='bbox 440 2082 545 2149; x_wconf 92' lang='lat' dir='ltr'>locum</span> <span class='ocrx_word' id='word_1_120' title='bbox 573 2082 852 2166; x_wconf 90' lang='lat' dir='ltr'>interpretandum</span> <span class='ocrx_word' id='word_1_121' title='bbox 881 2080 1024 2163; x_wconf 84' lang='lat' dir='ltr'>facilins,</span> <span class='ocrx_word' id='word_1_122' title='bbox 1059 2084 1087 2150; x_wconf 86' lang='lat' dir='ltr'>si</span> <span class='ocrx_word' id='word_1_123' title='bbox 1114 2085 1210 2152; x_wconf 92' lang='lat' dir='ltr'>modo</span> <span class='ocrx_word' id='word_1_124' title='bbox 1243 2087 1343 2152; x_wconf 89' lang='lat' dir='ltr'>etiam</span> <span class='ocrx_word' id='word_1_125' title='bbox 1460 2089 1461 2147; x_wconf 82' lang='lat'><em>3</em></span> 
     </span>
    </p>
   </div>
   <div class='ocr_carea' id='block_1_8' title="bbox 315 2183 1345 4256">
    <p class='ocr_par' dir='ltr' id='par_1_9' title="bbox 315 2183 1344 2586">
     <span class='ocr_line' id='line_1_17' title="bbox 316 2183 1343 2273; baseline 0.001 -19"><span class='ocrx_word' id='word_1_126' title='bbox 316 2188 445 2254; x_wconf 85' lang='lat' dir='ltr'>aliunde</span> <span class='ocrx_word' id='word_1_127' title='bbox 466 2191 630 2253; x_wconf 88' lang='lat' dir='ltr'>constaret</span> <span class='ocrx_word' id='word_1_128' title='bbox 652 2185 795 2270; x_wconf 87' lang='lat' dir='ltr'>dialogos</span> <span class='ocrx_word' id='word_1_129' title='bbox 817 2183 1042 2267; x_wconf 79' lang='lat' dir='ltr'>Aristotelem,</span> <span class='ocrx_word' id='word_1_130' title='bbox 1076 2188 1111 2254; x_wconf 93' lang='lat' dir='ltr'>in</span> <span class='ocrx_word' id='word_1_131' title='bbox 1133 2188 1249 2273; x_wconf 90' lang='lat' dir='ltr'>quibus</span> <span class='ocrx_word' id='word_1_132' title='bbox 1272 2191 1343 2273; x_wconf 88' lang='lat' dir='ltr'>ipse</span> 
     </span>
     <span class='ocr_line' id='line_1_18' title="bbox 315 2289 1342 2378; baseline 0.001 -20"><span class='ocrx_word' id='word_1_133' title='bbox 315 2294 443 2359; x_wconf 89' lang='lat' dir='ltr'>locutus</span> <span class='ocrx_word' id='word_1_134' title='bbox 470 2293 530 2374; x_wconf 89' lang='lat' dir='ltr'>sit,</span> <span class='ocrx_word' id='word_1_135' title='bbox 569 2291 745 2375; x_wconf 87' lang='lat' dir='ltr'>scripsisse.</span> <span class='ocrx_word' id='word_1_136' title='bbox 799 2289 888 2367; x_wconf 84' lang='lat' dir='ltr'>Quae</span> <span class='ocrx_word' id='word_1_137' title='bbox 922 2310 973 2355; x_wconf 91' lang='lat' dir='ltr'>res</span> <span class='ocrx_word' id='word_1_138' title='bbox 995 2290 1073 2374; x_wconf 91' lang='lat' dir='ltr'>quia</span> <span class='ocrx_word' id='word_1_139' title='bbox 1102 2293 1258 2378; x_wconf 88' lang='lat' dir='ltr'>ejusmodi</span> <span class='ocrx_word' id='word_1_140' title='bbox 1282 2298 1342 2376; x_wconf 89' lang='lat' dir='ltr'>est,</span> 
     </span>
     <span class='ocr_line' id='line_1_19' title="bbox 316 2393 1344 2480; baseline -0.002 -16"><span class='ocrx_word' id='word_1_141' title='bbox 316 2405 354 2464; x_wconf 93' lang='lat' dir='ltr'>ut</span> <span class='ocrx_word' id='word_1_142' title='bbox 374 2398 427 2463; x_wconf 87' lang='lat' dir='ltr'>vix</span> <span class='ocrx_word' id='word_1_143' title='bbox 448 2415 618 2480; x_wconf 89' lang='lat' dir='ltr'>umquam,</span> <span class='ocrx_word' id='word_1_144' title='bbox 652 2393 874 2460; x_wconf 86' lang='lat' dir='ltr'>deficientibus</span> <span class='ocrx_word' id='word_1_145' title='bbox 897 2395 1106 2477; x_wconf 87' lang='lat' dir='ltr'>testimoniis,</span> <span class='ocrx_word' id='word_1_146' title='bbox 1138 2397 1217 2460; x_wconf 88' lang='lat' dir='ltr'>satis</span> <span class='ocrx_word' id='word_1_147' title='bbox 1240 2397 1344 2462; x_wconf 91' lang='lat' dir='ltr'>adli·</span> 
     </span>
     <span class='ocr_line' id='line_1_20' title="bbox 318 2497 938 2586; baseline -0.01 -18"><span class='ocrx_word' id='word_1_148' title='bbox 318 2502 450 2586; x_wconf 91' lang='lat' dir='ltr'>quidum</span> <span class='ocrx_word' id='word_1_149' title='bbox 471 2500 604 2584; x_wconf 90' lang='lat' dir='ltr'>perduci</span> <span class='ocrx_word' id='word_1_150' title='bbox 624 2497 745 2583; x_wconf 89' lang='lat' dir='ltr'>possit,</span> <span class='ocrx_word' id='word_1_151' title='bbox 773 2497 938 2581; x_wconf 76' lang='grc' dir='ltr'><strong><em>ἐπέχομεν.</em></strong></span> 
     </span>
    </p>

    <p class='ocr_par' dir='ltr' id='par_1_10' title="bbox 317 2601 1345 3835">
     <span class='ocr_line' id='line_1_21' title="bbox 382 2601 1343 2688; baseline 0 -18"><span class='ocrx_word' id='word_1_152' title='bbox 382 2604 444 2671; x_wconf 88' lang='lat' dir='ltr'>Sed</span> <span class='ocrx_word' id='word_1_153' title='bbox 467 2610 629 2688; x_wconf 88' lang='lat' dir='ltr'>utcunque</span> <span class='ocrx_word' id='word_1_154' title='bbox 651 2623 720 2668; x_wconf 88' lang='lat' dir='ltr'>sese</span> <span class='ocrx_word' id='word_1_155' title='bbox 743 2601 822 2669; x_wconf 90' lang='lat' dir='ltr'>haec</span> <span class='ocrx_word' id='word_1_156' title='bbox 844 2624 896 2668; x_wconf 89' lang='lat' dir='ltr'>res</span> <span class='ocrx_word' id='word_1_157' title='bbox 920 2602 1028 2685; x_wconf 90' lang='lat' dir='ltr'>habet,</span> <span class='ocrx_word' id='word_1_158' title='bbox 1051 2603 1132 2669; x_wconf 91' lang='lat' dir='ltr'>illud</span> <span class='ocrx_word' id='word_1_159' title='bbox 1154 2605 1249 2670; x_wconf 92' lang='lat' dir='ltr'>modo</span> <span class='ocrx_word' id='word_1_160' title='bbox 1274 2625 1343 2670; x_wconf 91' lang='lat' dir='ltr'>cer·</span> 
     </span>
     <span class='ocr_line' id='line_1_22' title="bbox 317 2704 1344 2793; baseline -0.001 -18"><span class='ocrx_word' id='word_1_161' title='bbox 317 2717 386 2776; x_wconf 91' lang='lat' dir='ltr'>tum</span> <span class='ocrx_word' id='word_1_162' title='bbox 409 2715 493 2787; x_wconf 90' lang='lat' dir='ltr'>stet,</span> <span class='ocrx_word' id='word_1_163' title='bbox 527 2707 609 2774; x_wconf 89' lang='lat' dir='ltr'>duos</span> <span class='ocrx_word' id='word_1_164' title='bbox 639 2704 845 2772; x_wconf 81' lang='lat' dir='ltr'>Aristotelios</span> <span class='ocrx_word' id='word_1_165' title='bbox 875 2728 998 2787; x_wconf 92' lang='lat' dir='ltr'>mores,</span> <span class='ocrx_word' id='word_1_166' title='bbox 1032 2709 1118 2791; x_wconf 92' lang='lat' dir='ltr'>quod</span> <span class='ocrx_word' id='word_1_167' title='bbox 1149 2709 1277 2793; x_wconf 90' lang='lat' dir='ltr'>quidem</span> <span class='ocrx_word' id='word_1_168' title='bbox 1301 2709 1344 2774; x_wconf 88' lang='lat' dir='ltr'>ad</span> 
     </span>
     <span class='ocr_line' id='line_1_23' title="bbox 318 2810 1344 2894; baseline -0.001 -15"><span class='ocrx_word' id='word_1_169' title='bbox 318 2813 504 2880; x_wconf 84' lang='lat' dir='ltr'>Ciceronem</span> <span class='ocrx_word' id='word_1_170' title='bbox 526 2812 653 2892; x_wconf 88' lang='lat' dir='ltr'>attinet,</span> <span class='ocrx_word' id='word_1_171' title='bbox 684 2811 770 2876; x_wconf 91' lang='lat' dir='ltr'>inter</span> <span class='ocrx_word' id='word_1_172' title='bbox 792 2831 825 2876; x_wconf 87' lang='lat' dir='ltr'>se</span> <span class='ocrx_word' id='word_1_173' title='bbox 848 2810 1090 2894; x_wconf 86' lang='lat' dir='ltr'>distinguendos</span> <span class='ocrx_word' id='word_1_174' title='bbox 1121 2833 1207 2892; x_wconf 87' lang='lat' dir='ltr'>esse,</span> <span class='ocrx_word' id='word_1_175' title='bbox 1242 2835 1344 2878; x_wconf 90' lang='lat' dir='ltr'>unum</span> 
     </span>
     <span class='ocr_line' id='line_1_24' title="bbox 317 2915 1345 3010; baseline -0.004 -25"><span class='ocrx_word' id='word_1_176' title='bbox 317 2920 359 3010; x_wconf 70' lang='lat' dir='ltr'>in⁸</span> <span class='ocrx_word' id='word_1_177' title='bbox 374 2939 455 3002; x_wconf 90' lang='lat' dir='ltr'>quo,</span> <span class='ocrx_word' id='word_1_178' title='bbox 490 2922 527 2982; x_wconf 92' lang='lat' dir='ltr'>ut</span> <span class='ocrx_word' id='word_1_179' title='bbox 549 2915 673 3001; x_wconf 88' lang='lat' dir='ltr'>ipsein</span> <span class='ocrx_word' id='word_1_180' title='bbox 703 2921 874 2999; x_wconf 89' lang='lat' dir='ltr'>utramque</span> <span class='ocrx_word' id='word_1_181' title='bbox 903 2922 1029 3000; x_wconf 88' lang='lat' dir='ltr'>partem</span> <span class='ocrx_word' id='word_1_182' title='bbox 1060 2917 1265 3000; x_wconf 89' lang='lat' dir='ltr'>disputabat,</span> <span class='ocrx_word' id='word_1_183' title='bbox 1297 2917 1345 2982; x_wconf 90' lang='lat' dir='ltr'>sic</span> 
     </span>
     <span class='ocr_line' id='line_1_25' title="bbox 318 3020 1344 3103; baseline -0.003 -13"><span class='ocrx_word' id='word_1_184' title='bbox 318 3024 416 3090; x_wconf 88' lang='lat' dir='ltr'>otiam</span> <span class='ocrx_word' id='word_1_185' title='bbox 437 3023 471 3086; x_wconf 93' lang='lat' dir='ltr'>in</span> <span class='ocrx_word' id='word_1_186' title='bbox 494 3042 533 3086; x_wconf 90' lang='lat' dir='ltr'>ea</span> <span class='ocrx_word' id='word_1_187' title='bbox 554 3043 590 3086; x_wconf 90' lang='lat' dir='ltr'>re</span> <span class='ocrx_word' id='word_1_188' title='bbox 613 3020 832 3087; x_wconf 86' lang='lat' dir='ltr'>adolescentes</span> <span class='ocrx_word' id='word_1_189' title='bbox 864 3027 1043 3103; x_wconf 88' lang='lat' dir='ltr'>exerceret,</span> <span class='ocrx_word' id='word_1_190' title='bbox 1074 3021 1231 3103; x_wconf 88' lang='lat' dir='ltr'>alterum,</span> <span class='ocrx_word' id='word_1_191' title='bbox 1266 3028 1302 3088; x_wconf 95' lang='lat' dir='ltr'>ut</span> <span class='ocrx_word' id='word_1_192' title='bbox 1326 3043 1344 3087; x_wconf 84' lang='lat' dir='ltr'>a</span> 
     </span>
     <span class='ocr_line' id='line_1_26' title="bbox 317 3124 1345 3208; baseline 0 -17"><span class='ocrx_word' id='word_1_193' title='bbox 317 3146 376 3191; x_wconf 89' lang='lat' dir='ltr'>sua</span> <span class='ocrx_word' id='word_1_194' title='bbox 397 3145 535 3208; x_wconf 88' lang='lat' dir='ltr'>persona</span> <span class='ocrx_word' id='word_1_195' title='bbox 557 3124 694 3202; x_wconf 89' lang='lat' dir='ltr'>diceret,</span> <span class='ocrx_word' id='word_1_196' title='bbox 717 3124 804 3207; x_wconf 93' lang='lat' dir='ltr'>quod</span> <span class='ocrx_word' id='word_1_197' title='bbox 825 3124 986 3190; x_wconf 87' lang='lat' dir='ltr'>factumne</span> <span class='ocrx_word' id='word_1_198' title='bbox 1009 3125 1051 3190; x_wconf 89' lang='lat' dir='ltr'>sit</span> <span class='ocrx_word' id='word_1_199' title='bbox 1074 3125 1171 3190; x_wconf 89' lang='lat' dir='ltr'>etiam</span> <span class='ocrx_word' id='word_1_200' title='bbox 1192 3126 1225 3190; x_wconf 92' lang='lat' dir='ltr'>in</span> <span class='ocrx_word' id='word_1_201' title='bbox 1242 3125 1345 3192; x_wconf 88' lang='lat' dir='ltr'>dialo-</span> 
     </span>
     <span class='ocr_line' id='line_1_27' title="bbox 318 3219 1344 3314; baseline 0 -20"><span class='ocrx_word' id='word_1_202' title='bbox 318 3232 383 3314; x_wconf 87' lang='lat' dir='ltr'>gis,</span> <span class='ocrx_word' id='word_1_203' title='bbox 418 3219 461 3294; x_wconf 89' lang='lat' dir='ltr'>an</span> <span class='ocrx_word' id='word_1_204' title='bbox 493 3229 550 3294; x_wconf 87' lang='lat' dir='ltr'>illa</span> <span class='ocrx_word' id='word_1_205' title='bbox 577 3228 761 3294; x_wconf 87' lang='lat' dir='ltr'>Aristotelis</span> <span class='ocrx_word' id='word_1_206' title='bbox 788 3229 930 3310; x_wconf 88' lang='lat' dir='ltr'>ratione,</span> <span class='ocrx_word' id='word_1_207' title='bbox 965 3251 1048 3314; x_wconf 90' lang='lat' dir='ltr'>quae</span> <span class='ocrx_word' id='word_1_208' title='bbox 1075 3228 1170 3294; x_wconf 89' lang='lat' dir='ltr'>hodie</span> <span class='ocrx_word' id='word_1_209' title='bbox 1200 3249 1240 3293; x_wconf 85' lang='lat' dir='ltr'>ex</span> <span class='ocrx_word' id='word_1_210' title='bbox 1274 3233 1344 3314; x_wconf 87' lang='lat' dir='ltr'>ejus</span> 
     </span>
     <span class='ocr_line' id='line_1_28' title="bbox 318 3332 1344 3419; baseline -0.002 -19"><span class='ocrx_word' id='word_1_211' title='bbox 318 3332 447 3419; x_wconf 80' lang='lat' dir='ltr'>scriptis</span> <span class='ocrx_word' id='word_1_212' title='bbox 470 3334 619 3418; x_wconf 86' lang='lat' dir='ltr'>cognosci</span> <span class='ocrx_word' id='word_1_213' title='bbox 645 3337 770 3417; x_wconf 88' lang='lat' dir='ltr'>potest,</span> <span class='ocrx_word' id='word_1_214' title='bbox 802 3333 959 3398; x_wconf 84' lang='lat' dir='ltr'>incertum</span> <span class='ocrx_word' id='word_1_215' title='bbox 988 3338 1048 3399; x_wconf 89' lang='lat' dir='ltr'>est.</span> <span class='ocrx_word' id='word_1_216' title='bbox 1071 3369 1116 3382; x_wconf 88' lang='lat'>—-</span> <span class='ocrx_word' id='word_1_217' title='bbox 1158 3332 1230 3396; x_wconf 90' lang='lat' dir='ltr'>Nisi</span> <span class='ocrx_word' id='word_1_218' title='bbox 1259 3332 1344 3398; x_wconf 81' lang='lat' dir='ltr'>forte</span> 
     </span>
     <span class='ocr_line' id='line_1_29' title="bbox 318 3436 1344 3522; baseline -0.002 -18"><span class='ocrx_word' id='word_1_219' title='bbox 318 3443 414 3520; x_wconf 86' lang='lat' dir='ltr'>sunt,</span> <span class='ocrx_word' id='word_1_220' title='bbox 438 3440 492 3522; x_wconf 92' lang='lat' dir='ltr'>qui</span> <span class='ocrx_word' id='word_1_221' title='bbox 518 3443 634 3522; x_wconf 88' lang='lat' dir='ltr'>negent</span> <span class='ocrx_word' id='word_1_222' title='bbox 655 3437 726 3504; x_wconf 91' lang='lat' dir='ltr'>fieri</span> <span class='ocrx_word' id='word_1_223' title='bbox 748 3439 910 3521; x_wconf 86' lang='lat' dir='ltr'>potuisse,</span> <span class='ocrx_word' id='word_1_224' title='bbox 940 3445 995 3518; x_wconf 92' lang='lat' dir='ltr'>ut,</span> <span class='ocrx_word' id='word_1_225' title='bbox 1019 3436 1287 3521; x_wconf 89' lang='lat' dir='ltr'>quemadmodum</span> <span class='ocrx_word' id='word_1_226' title='bbox 1309 3439 1344 3502; x_wconf 92' lang='lat' dir='ltr'>in</span> 
     </span>
     <span class='ocr_line' id='line_1_30' title="bbox 319 3540 1344 3626; baseline 0 -19"><span class='ocrx_word' id='word_1_227' title='bbox 319 3541 384 3608; x_wconf 87' lang='lat' dir='ltr'>alia</span> <span class='ocrx_word' id='word_1_228' title='bbox 415 3564 451 3608; x_wconf 92' lang='lat' dir='ltr'>re</span> <span class='ocrx_word' id='word_1_229' title='bbox 484 3542 566 3608; x_wconf 90' lang='lat' dir='ltr'>alius</span> <span class='ocrx_word' id='word_1_230' title='bbox 599 3542 849 3626; x_wconf 86' lang='lat' dir='ltr'>uniuscujusque</span> <span class='ocrx_word' id='word_1_231' title='bbox 885 3542 1022 3607; x_wconf 91' lang='lat' dir='ltr'>hominis</span> <span class='ocrx_word' id='word_1_232' title='bbox 1053 3562 1122 3606; x_wconf 90' lang='lat' dir='ltr'>mos</span> <span class='ocrx_word' id='word_1_233' title='bbox 1149 3547 1248 3624; x_wconf 88' lang='lat' dir='ltr'>atque</span> <span class='ocrx_word' id='word_1_234' title='bbox 1278 3540 1344 3607; x_wconf 88' lang='lat' dir='ltr'>alia</span> 
     </span>
     <span class='ocr_line' id='line_1_31' title="bbox 320 3645 1341 3730; baseline -0.001 -19"><span class='ocrx_word' id='word_1_235' title='bbox 320 3647 516 3714; x_wconf 89' lang='lat' dir='ltr'>consuetudo</span> <span class='ocrx_word' id='word_1_236' title='bbox 539 3647 597 3726; x_wconf 90' lang='lat' dir='ltr'>sit,</span> <span class='ocrx_word' id='word_1_237' title='bbox 632 3646 678 3710; x_wconf 91' lang='lat' dir='ltr'>sio</span> <span class='ocrx_word' id='word_1_238' title='bbox 699 3645 882 3710; x_wconf 86' lang='lat' dir='ltr'>Aristotelis</span> <span class='ocrx_word' id='word_1_239' title='bbox 906 3667 1031 3730; x_wconf 91' lang='lat' dir='ltr'>quoque</span> <span class='ocrx_word' id='word_1_240' title='bbox 1052 3646 1086 3709; x_wconf 92' lang='lat' dir='ltr'>in</span> <span class='ocrx_word' id='word_1_241' title='bbox 1116 3645 1179 3710; x_wconf 88' lang='lat' dir='ltr'>alia</span> <span class='ocrx_word' id='word_1_242' title='bbox 1201 3665 1237 3710; x_wconf 91' lang='lat' dir='ltr'>re</span> <span class='ocrx_word' id='word_1_243' title='bbox 1259 3645 1341 3710; x_wconf 91' lang='lat' dir='ltr'>alius</span> 
     </span>
     <span class='ocr_line' id='line_1_32' title="bbox 319 3749 736 3835; baseline -0.007 -19"><span class='ocrx_word' id='word_1_244' title='bbox 319 3773 387 3818; x_wconf 91' lang='lat' dir='ltr'>mos</span> <span class='ocrx_word' id='word_1_245' title='bbox 410 3757 508 3835; x_wconf 88' lang='lat' dir='ltr'>atque</span> <span class='ocrx_word' id='word_1_246' title='bbox 530 3772 607 3817; x_wconf 89' lang='lat' dir='ltr'>usus</span> <span class='ocrx_word' id='word_1_247' title='bbox 628 3749 736 3814; x_wconf 87' lang='lat' dir='ltr'>fuerit.</span> 
     </span>
    </p>

    <p class='ocr_par' dir='ltr' id='par_1_11' title="bbox 318 3853 1344 4256">
     <span class='ocr_line' id='line_1_33' title="bbox 385 3853 1344 3938; baseline -0.004 -17"><span class='ocrx_word' id='word_1_248' title='bbox 385 3856 446 3936; x_wconf 86' lang='lat' dir='ltr'>At,</span> <span class='ocrx_word' id='word_1_249' title='bbox 469 3855 606 3936; x_wconf 82' lang='lat' dir='ltr'>dixeris,</span> <span class='ocrx_word' id='word_1_250' title='bbox 635 3876 788 3938; x_wconf 89' lang='lat' dir='ltr'>quorsum</span> <span class='ocrx_word' id='word_1_251' title='bbox 810 3853 891 3920; x_wconf 90' lang='lat' dir='ltr'>haec</span> <span class='ocrx_word' id='word_1_252' title='bbox 912 3860 980 3920; x_wconf 89' lang='lat' dir='ltr'>tam</span> <span class='ocrx_word' id='word_1_253' title='bbox 1002 3853 1104 3918; x_wconf 89' lang='lat' dir='ltr'>multa</span> <span class='ocrx_word' id='word_1_254' title='bbox 1125 3853 1165 3918; x_wconf 86' lang='lat' dir='ltr'>dc</span> <span class='ocrx_word' id='word_1_255' title='bbox 1188 3853 1344 3918; x_wconf 83' lang='lat' dir='ltr'>Aristote-</span> 
     </span>
     <span class='ocr_line' id='line_1_34' title="bbox 318 3957 1344 4044; baseline -0.004 -19"><span class='ocrx_word' id='word_1_256' title='bbox 318 3961 362 4025; x_wconf 94' lang='lat' dir='ltr'>lio</span> <span class='ocrx_word' id='word_1_257' title='bbox 384 3961 496 4026; x_wconf 76' lang='lat' dir='ltr'>more?</span> <span class='ocrx_word' id='word_1_258' title='bbox 541 3960 624 4039; x_wconf 86' lang='lat' dir='ltr'>Quia</span> <span class='ocrx_word' id='word_1_259' title='bbox 644 3960 738 4025; x_wconf 90' lang='lat' dir='ltr'>nobis</span> <span class='ocrx_word' id='word_1_260' title='bbox 767 3960 895 4043; x_wconf 89' lang='lat' dir='ltr'>quidem</span> <span class='ocrx_word' id='word_1_261' title='bbox 926 3979 1115 4044; x_wconf 88' lang='lat' dir='ltr'>persuasum</span> <span class='ocrx_word' id='word_1_262' title='bbox 1146 3963 1213 4038; x_wconf 89' lang='lat' dir='ltr'>est,</span> <span class='ocrx_word' id='word_1_263' title='bbox 1247 3957 1344 4022; x_wconf 92' lang='lat' dir='ltr'>nemi·</span> 
     </span>
     <span class='ocr_line' id='line_1_35' title="bbox 319 4060 1344 4152; baseline -0.008 -20"><span class='ocrx_word' id='word_1_264' title='bbox 319 4088 392 4133; x_wconf 89' lang='lat' dir='ltr'>nem</span> <span class='ocrx_word' id='word_1_265' title='bbox 413 4087 509 4152; x_wconf 87' lang='lat' dir='ltr'>posse</span> <span class='ocrx_word' id='word_1_266' title='bbox 532 4064 693 4133; x_wconf 82' lang='lat' dir='ltr'>Ciceronis</span> <span class='ocrx_word' id='word_1_267' title='bbox 722 4062 969 4149; x_wconf 89' lang='lat' dir='ltr'>philosophandi</span> <span class='ocrx_word' id='word_1_268' title='bbox 998 4063 1158 4129; x_wconf 89' lang='lat' dir='ltr'>rationem</span> <span class='ocrx_word' id='word_1_269' title='bbox 1187 4065 1274 4126; x_wconf 89' lang='lat' dir='ltr'>recte</span> <span class='ocrx_word' id='word_1_270' title='bbox 1296 4060 1344 4124; x_wconf 91' lang='lat' dir='ltr'>in-</span> 
     </span>
     <span class='ocr_line' id='line_1_36' title="bbox 318 4166 1343 4256; baseline -0.008 -19"><span class='ocrx_word' id='word_1_271' title='bbox 318 4171 477 4254; x_wconf 86' lang='lat' dir='ltr'>telligere,</span> <span class='ocrx_word' id='word_1_272' title='bbox 511 4171 574 4238; x_wconf 90' lang='lat' dir='ltr'>nisi</span> <span class='ocrx_word' id='word_1_273' title='bbox 605 4171 661 4254; x_wconf 85' lang='lat' dir='ltr'>qui</span> <span class='ocrx_word' id='word_1_274' title='bbox 682 4166 763 4234; x_wconf 87' lang='lat' dir='ltr'>bone</span> <span class='ocrx_word' id='word_1_275' title='bbox 792 4176 997 4256; x_wconf 88' lang='lat' dir='ltr'>perspectum</span> <span class='ocrx_word' id='word_1_276' title='bbox 1018 4167 1153 4248; x_wconf 85' lang='lat' dir='ltr'>habeat,</span> <span class='ocrx_word' id='word_1_277' title='bbox 1185 4185 1267 4250; x_wconf 88' lang='lat' dir='ltr'>quae</span> <span class='ocrx_word' id='word_1_278' title='bbox 1301 4166 1343 4230; x_wconf 90' lang='lat' dir='ltr'>sit</span> 
     </span>
    </p>
   </div>
   <div class='ocr_carea' id='block_1_9' title="bbox 0 0 1477 5076">
    <p class='ocr_par' dir='ltr' id='par_1_12' title="bbox 0 0 1477 5076">
     <span class='ocr_line' id='line_1_37' title="bbox 0 0 1477 5076; baseline 0 0"><span class='ocrx_word' id='word_1_279' title='bbox 0 0 1477 5076; x_wconf 95' lang='lat' dir='ltr'> </span> 
     </span>
    </p>
   </div>
  </div>
 </body>
</html>
