2966 5072
803 475 940 537 58·

314 651 451 718 quarum
473 635 579 702 altera
600 641 763 708 contineat
784 641 823 706 ui
845 638 1099 725 αὕτοπρόσοπα,
1126 639 1231 708 altera
1258 639 1335 706 δια-

271 809 279 822 .
314 737 439 819 λογικά,
462 740 502 806 ds
524 740 688 830 dialogicis
708 747 789 830 ipsis
811 746 917 814 verbis
939 745 1040 827 addit,
1063 743 1273 811 Aristotelem
1293 765 1335 812 ea

313 867 378 912 non
400 867 440 912 ex
461 868 521 914 sua
541 869 682 932 persona
703 850 884 934 scripsisse,
912 851 970 916 sed
990 856 1028 916 ut
1049 847 1232 931 Platonem,
1254 850 1333 916 alio-

312 970 385 1016 rum
406 972 562 1035 personas
584 953 802 1040 colloquentes
823 954 954 1020 finxisse
970 953 1040 1040 ¹²⁷).
1083 953 1248 1020 Accedunt
1268 953 1334 1019 alia

313 1060 411 1140 atque
432 1057 520 1124 hand
539 1058 605 1125 scio
627 1080 671 1125 an
692 1061 841 1144 graviora
862 1060 960 1126 etiam
976 1063 1175 1144 argumenta.
1220 1055 1334 1124 Dicas·

313 1159 429 1226 archus
451 1162 545 1244 enim,
567 1163 675 1229 Aristo
694 1163 788 1245 Oeus,
809 1163 881 1246 alii,
903 1165 959 1248 qui
975 1185 1014 1230 ex
1024 1161 1209 1229 Aristotelis
1224 1160 1333 1227 schola

313 1263 449 1347 profecti
472 1271 547 1331 sunt
569 1269 687 1352 quique
707 1267 761 1334 vix
786 1267 936 1334 dubitare
957 1268 1047 1349 licet,
1078 1267 1156 1351 quin
1184 1265 1333 1350 magistri

314 1368 458 1453 exempla
481 1372 582 1436 secuti
604 1373 678 1452 sint,
699 1373 733 1437 in
758 1371 891 1457 dialogis
915 1373 982 1438 suis
1003 1371 1170 1438 fabulosos
1188 1369 1332 1436 hominos

313 1471 529 1558 colloquentes
551 1476 746 1566 inquxenmt
761 1475 835 1563 ¹²⁸),
871 1477 958 1542 inter
986 1497 1066 1560 quos
1095 1477 1174 1561 ipsis
1203 1475 1334 1560 quidem

312 1584 423 1663 partes
446 1582 601 1648 sermonis
624 1602 780 1648 essenon
803 1587 964 1666 poterant.
1010 1581 1122 1663 Certe,
1156 1581 1185 1647 si
1215 1601 1254 1646 ex
1282 1579 1333 1647 his

312 1683 468 1770 conjicere
490 1685 582 1768 licet,
604 1686 795 1754 Aristoteles
819 1707 956 1772 quoque,
980 1706 1059 1770 quos
1082 1686 1210 1771 scripsit
1232 1684 1334 1751 dialo-

312 1811 384 1874 gos,
414 1791 449 1856 in
477 1792 516 1857 iis
546 1797 655 1877 partes
685 1791 834 1876 colloquii
860 1811 882 1858 a
909 1813 944 1858 se
971 1791 1144 1858 removisse
1169 1792 1334 1877 putandus

314 1900 373 1978 est,
396 1896 428 1962 id
453 1897 539 1981 quod
561 1900 709 1963 statuunt
732 1896 828 1962 hodie
849 1895 935 1962 inter
961 1896 1046 1963 viros
1075 1896 1186 1963 doctos
1206 1897 1260 1984 fis,
1278 1897 1334 1980 qui

312 1998 539 2066 inhonorem
561 2021 658 2084 quam
679 2001 921 2085 diligentissime
942 2000 1105 2086 inquirere
1126 2001 1233 2066 conati
1246 2005 1332 2082 sunt,

312 2109 349 2169 nt
362 2106 524 2169 Krisctius
537 2105 595 2190 ¹²⁹)
619 2109 661 2186 et,
685 2125 779 2188 quem
794 2104 890 2170 modo
901 2106 1143 2185 nominavimus,
1166 2108 1332 2172 Pressas.
1365 2128 1369 2138 ¹

311 2207 394 2274 Nam
413 2208 591 2294 ἐξωτερικαὶ
610 2207 710 2288 λόγου,
733 2231 870 2292 quorum
885 2231 955 2276 esse
969 2210 1183 2295 fragmentum
1199 2208 1332 2294 aliquod

193 2363 200 2376 .
311 2312 429 2397 Magna
441 2309 579 2408 Moralia
600 2314 899 2397 domonstravimus,
922 2316 1064 2399 quamvis
1080 2315 1217 2397 speeiem
1232 2335 1333 2398 qnan-

297 2416 388 2482 vdam
409 2438 487 2501 prae
510 2438 544 2483 se
565 2417 670 2484 ierant
692 2419 908 2504 dialogorum,
930 2420 983 2486 vix
1003 2425 1112 2485 temen
1134 2424 1246 2500 erunt,
1277 2421 1334 2502 qui

315 2522 399 2588 serio
422 2543 477 2588 eos
499 2523 626 2589 nomine
648 2521 850 2608 dialogorum
871 2522 1089 2610 insigniendos
1111 2543 1182 2590 esse
1202 2529 1334 2590 conten·

312 2624 389 2690 dere
410 2625 518 2691 velint.

377 2729 441 2796 Sed
462 2751 574 2797 revera
593 2731 674 2798 haec
694 2731 762 2798 fere
785 2738 877 2816 sunt,
900 2753 983 2819 quae
1005 2733 1045 2799 dc
1059 2731 1244 2798 Aristotelis
1265 2731 1334 2798 dia·

311 2833 395 2920 logis
418 2835 500 2902 scire
521 2837 690 2920 possimus.
734 2837 819 2904 Nam
841 2838 927 2923 quod
950 2840 1087 2903 Basilius
1109 2840 1241 2919 Magnus
1262 2855 1335 2902 eru-

387 3099 451 3170 127)
469 3101 586 3156 Ammon.
606 3099 695 3159 Ηοπαι.
715 3105 743 3156 ad
766 3105 853 3171 Cuteg.
872 3120 895 3168 p.
915 3104 945 3168 6,
962 3104 994 3153 B:
1025 3097 1229 3171 Συνταγμαιικὰ
1247 3100 1276 3153 δὲ
1294 3101 1336 3154 λε’-

312 3205 421 3259 γουσιυ,
446 3185 496 3242 ὅσα
513 3189 560 3243 καὶ
582 3189 684 3260 φράσιν
707 3193 761 3262 ἔχει
786 3193 941 3262 πρέπουσαν
968 3187 1130 3259 συντάγματι
1153 3189 1200 3242 καὶ
1223 3189 1337 3256 τὴντῶν

312 3279 469 3347 κεφαλαίων
502 3278 624 3333 εὔτακτον
647 3270 794 3352 asismat·
826 3277 877 3332 suiv
902 3277 932 3331 δὲ
957 3273 1202 3347 συνταγμάψα)ῶν
1231 3278 1262 3331 τὰ
1285 3279 1337 3351 μὲν

311 3367 466 3438 διαλογυπὰ,
484 3368 515 3422 τὰ
531 3369 561 3423 δὲ
579 3368 789 3440 claustrone-
808 3367 1004 3440 uslrcuoo'otm
1021 3364 1073 3438 μὲν
1091 3367 1119 3419 lv
1137 3369 1218 3430 auu
1236 3370 1335 3423 aaran

311 3457 459 3527 προσώπου
476 3457 521 3525 σὴν
538 3459 717 3515 διδασκαλίαν
734 3463 860 3523 ἐποιεῖτο,
880 3454 948 3527 ἅπερ
970 3456 1017 3512 καὶ
1035 3454 1222 3529 deproperasti
1239 3459 1337 3516 καλοῦ-

312 3563 355 3602 σιν
372 3546 418 3600 διὰ
437 3546 465 3600 τὸ
484 3548 554 3621 πρὸς
571 3553 696 3621 γνησίους
714 3547 846 3620 ἀκροατὰς
864 3550 1003 3601 ποιεῖσθαι
1020 3547 1065 3600 τὸν
1079 3545 1173 3619 λόγου·
1193 3547 1336 3620 dtalcymd

311 3635 341 3690 δὲ
359 3637 421 3706 (scil.
441 3637 517 3709 tun),
546 3634 607 3694 ὅσα
630 3638 677 3712 μὴ
695 3640 729 3701 ἐξ
747 3640 874 3692 οἰκείου
898 3637 1083 3708 προσώπου
1112 3641 1336 3712 συνέγραφον,

312 3723 368 3780 ἀλλ’
386 3723 474 3798 ὥσπερ
496 3726 510 3780 t
530 3727 640 3782 Πλάτων
658 3727 869 3798 ὑποκρινόμενος
885 3725 980 3797 ἑτέρων
998 3726 1145 3799 πρόσωπα,
1163 3731 1215 3782 κτλ.

314 3815 379 3885 128)
401 3819 454 3870 cto.
477 3819 548 3875 ttae.
567 3820 643 3890 Βίῳ.
662 3821 680 3883 Ι,
701 3819 742 3881 10,
761 3819 794 3870 21
815 3827 860 3869 etc.
879 3819 928 3882 31,
948 3819 990 3871 l'l.
1013 3819 1069 3872 Cot.
1089 3819 1152 3884 naj.
1175 3821 1198 3883 l,
1218 3820 1242 3872 3.
1265 3819 1336 3872 Prel-

312 3905 362 3968 1ου,
391 3907 420 3959 tle
439 3907 606 3978 Praoetploone
623 3908 792 3978 Peripatetico
810 3909 872 3958 inter
898 3911 1069 3976 antiquissimos
1087 3913 1247 3974 grammaticos
1266 3911 1337 3961 nobili

312 3995 443 4060 disputatio.
479 3996 563 4065 (lnior
581 4000 711 4050 scholarum
735 3996 759 4048 in
777 3997 925 4048 universitate
943 4000 1053 4052 litteraris
1071 4001 1182 4050 Comum
1199 4001 1337 4063 Βοιυιῑοοεί

312 4096 490 4149 percomesus
513 4089 578 4154 prius
603 4088 657 4142 anni
684 4085 752 4138 1842
770 4085 948 4156 hhmdsmm).
1015 4085 1019 4094 '
1107 4087 1171 4156 129)
1187 4087 1336 4142 Functus·

313 4192 363 4242 gen
382 4183 425 4226 eto.
445 4177 468 4238 l,
487 4193 510 4241 p.
531 4179 562 4230 14
581 4195 632 4244 sqq.
