<?xml version="1.0" encoding="UTF-8"?>
<!DOCTYPE html PUBLIC "-//W3C//DTD XHTML 1.0 Transitional//EN"
    "http://www.w3.org/TR/xhtml1/DTD/xhtml1-transitional.dtd">
<html xmlns="http://www.w3.org/1999/xhtml" xml:lang="en" lang="en">
 <head>
  <title>
</title>
<meta http-equiv="Content-Type" content="text/html;charset=utf-8" />
  <meta name='ocr-system' content='tesseract 3.04.00' />
  <meta name='ocr-capabilities' content='ocr_page ocr_carea ocr_par ocr_line ocrx_word'/>
</head>
<body>
  <div class='ocr_page' id='page_1' title='image "./dearistotelisez00thomgoog_0287.png"; bbox 0 0 2950 5076; ppageno 0'>
   <div class='ocr_carea' id='block_1_1' title="bbox 559 457 789 523">
    <p class='ocr_par' dir='ltr' id='par_1_1' title="bbox 559 457 789 523">
     <span class='ocr_line' id='line_1_1' title="bbox 559 457 789 523; baseline 0 -1"><span class='ocrx_word' id='word_1_1' title='bbox 559 457 789 523; x_wconf 80' lang='lat'>-107-</span> 
     </span>
    </p>
   </div>
   <div class='ocr_carea' id='block_1_2' title="bbox 95 625 1255 937">
    <p class='ocr_par' dir='ltr' id='par_1_2' title="bbox 95 625 1255 937">
     <span class='ocr_line' id='line_1_2' title="bbox 97 625 1253 713; baseline -0.002 -23"><span class='ocrx_word' id='word_1_2' title='bbox 97 635 182 691; x_wconf 60' lang='lat' dir='ltr'>anua</span> <span class='ocrx_word' id='word_1_3' title='bbox 209 625 295 692; x_wconf 88' lang='lat' dir='ltr'>dicta</span> <span class='ocrx_word' id='word_1_4' title='bbox 324 635 399 692; x_wconf 86' lang='lat' dir='ltr'>aunt</span> <span class='ocrx_word' id='word_1_5' title='bbox 427 625 643 713; x_wconf 76' lang='lat' dir='ltr'>explicantur,</span> <span class='ocrx_word' id='word_1_6' title='bbox 677 625 747 693; x_wconf 89' lang='lat' dir='ltr'>sive</span> <span class='ocrx_word' id='word_1_7' title='bbox 775 627 815 692; x_wconf 89' lang='lat' dir='ltr'>iis</span> <span class='ocrx_word' id='word_1_8' title='bbox 842 625 1030 712; x_wconf 84' lang='lat' dir='ltr'>adiungitur</span> <span class='ocrx_word' id='word_1_9' title='bbox 1058 626 1253 713; x_wconf 89' lang='lat' dir='ltr'>exemplum,</span> 
     </span>
     <span class='ocr_line' id='line_1_3' title="bbox 98 733 1255 825; baseline -0.002 -23"><span class='ocrx_word' id='word_1_10' title='bbox 98 747 259 825; x_wconf 87' lang='lat' dir='ltr'>utrumque</span> <span class='ocrx_word' id='word_1_11' title='bbox 281 735 365 802; x_wconf 82' lang='lat' dir='ltr'>enirn</span> <span class='ocrx_word' id='word_1_12' title='bbox 389 737 451 802; x_wconf 89' lang='lat' dir='ltr'>hac</span> <span class='ocrx_word' id='word_1_13' title='bbox 464 738 605 803; x_wconf 79' lang='lat' dir='ltr'>formula</span> <span class='ocrx_word' id='word_1_14' title='bbox 620 737 831 824; x_wconf 85' lang='lat' dir='ltr'>significatur,</span> <span class='ocrx_word' id='word_1_15' title='bbox 855 736 1020 804; x_wconf 85' lang='lat' dir='ltr'>varietatis</span> <span class='ocrx_word' id='word_1_16' title='bbox 1036 735 1125 802; x_wconf 90' lang='lat' dir='ltr'>notio</span> <span class='ocrx_word' id='word_1_17' title='bbox 1141 733 1255 800; x_wconf 70' lang='lat' dir='ltr'>abnue</span> 
     </span>
     <span class='ocr_line' id='line_1_4' title="bbox 95 844 1255 937; baseline -0.002 -25"><span class='ocrx_word' id='word_1_18' title='bbox 95 869 150 912; x_wconf 91' lang='lat' dir='ltr'>non</span> <span class='ocrx_word' id='word_1_19' title='bbox 172 857 286 935; x_wconf 87' lang='lat' dir='ltr'>potest.</span> <span class='ocrx_word' id='word_1_20' title='bbox 318 847 405 914; x_wconf 86' lang='lat' dir='ltr'>Nam</span> <span class='ocrx_word' id='word_1_21' title='bbox 429 871 502 914; x_wconf 88' lang='lat' dir='ltr'>oum</span> <span class='ocrx_word' id='word_1_22' title='bbox 525 857 622 914; x_wconf 88' lang='lat' dir='ltr'>antea</span> <span class='ocrx_word' id='word_1_23' title='bbox 645 849 764 914; x_wconf 81' lang='lat' dir='ltr'>dixerit</span> <span class='ocrx_word' id='word_1_24' title='bbox 786 848 994 937; x_wconf 89' lang='lat' dir='ltr'>philosophus</span> <span class='ocrx_word' id='word_1_25' title='bbox 1017 846 1140 913; x_wconf 81' lang='lat' dir='ltr'>variam</span> <span class='ocrx_word' id='word_1_26' title='bbox 1156 844 1255 912; x_wconf 87' lang='lat' dir='ltr'>rebus</span> 
     </span>
    </p>
   </div>
   <div class='ocr_carea' id='block_1_3' title="bbox 95 954 1369 1046">
    <p class='ocr_par' dir='ltr' id='par_1_3' title="bbox 95 954 1369 1046">
     <span class='ocr_line' id='line_1_5' title="bbox 95 954 1369 1046; baseline -0.003 -24"><span class='ocrx_word' id='word_1_27' title='bbox 95 979 158 1022; x_wconf 88' lang='lat' dir='ltr'>cnm</span> <span class='ocrx_word' id='word_1_28' title='bbox 183 957 334 1024; x_wconf 87' lang='lat' dir='ltr'>universo</span> <span class='ocrx_word' id='word_1_29' title='bbox 362 957 568 1026; x_wconf 78' lang='lat' dir='ltr'>intercedere</span> <span class='ocrx_word' id='word_1_30' title='bbox 596 957 755 1024; x_wconf 87' lang='lat' dir='ltr'>rationem</span> <span class='ocrx_word' id='word_1_31' title='bbox 784 960 907 1046; x_wconf 86' lang='lat' dir='ltr'>pariter</span> <span class='ocrx_word' id='word_1_32' title='bbox 935 967 1033 1046; x_wconf 88' lang='lat' dir='ltr'>atque</span> <span class='ocrx_word' id='word_1_33' title='bbox 1060 957 1093 1024; x_wconf 90' lang='lat' dir='ltr'>iu</span> <span class='ocrx_word' id='word_1_34' title='bbox 1120 954 1254 1036; x_wconf 84' lang='lat' dir='ltr'>familia,</span> <span class='ocrx_word' id='word_1_35' title='bbox 1362 1031 1369 1046; x_wconf 46' lang='lat'><strong>·</strong></span> 
     </span>
    </p>
   </div>
   <div class='ocr_carea' id='block_1_4' title="bbox 95 1066 1256 1264">
    <p class='ocr_par' dir='ltr' id='par_1_4' title="bbox 95 1066 1256 1264">
     <span class='ocr_line' id='line_1_6' title="bbox 95 1066 1255 1157; baseline -0.001 -26"><span class='ocrx_word' id='word_1_36' title='bbox 95 1068 122 1132; x_wconf 91' lang='lat' dir='ltr'>iu</span> <span class='ocrx_word' id='word_1_37' title='bbox 142 1066 180 1132; x_wconf 92' lang='lat' dir='ltr'>iis</span> <span class='ocrx_word' id='word_1_38' title='bbox 202 1067 320 1156; x_wconf 88' lang='lat' dir='ltr'>quibus</span> <span class='ocrx_word' id='word_1_39' title='bbox 343 1069 405 1134; x_wconf 86' lang='lat' dir='ltr'>hoc</span> <span class='ocrx_word' id='word_1_40' title='bbox 428 1069 562 1154; x_wconf 84' lang='lat' dir='ltr'>exponit</span> <span class='ocrx_word' id='word_1_41' title='bbox 582 1089 773 1134; x_wconf 88' lang='lat' dir='ltr'>enumerare</span> <span class='ocrx_word' id='word_1_42' title='bbox 789 1091 853 1134; x_wconf 89' lang='lat' dir='ltr'>non</span> <span class='ocrx_word' id='word_1_43' title='bbox 876 1079 992 1156; x_wconf 85' lang='lat' dir='ltr'>potest,</span> <span class='ocrx_word' id='word_1_44' title='bbox 1016 1089 1100 1157; x_wconf 88' lang='lat' dir='ltr'>quae</span> <span class='ocrx_word' id='word_1_45' title='bbox 1116 1087 1255 1132; x_wconf 84' lang='lat' dir='ltr'>commu-</span> 
     </span>
     <span class='ocr_line' id='line_1_7' title="bbox 95 1175 1256 1264; baseline -0.002 -22"><span class='ocrx_word' id='word_1_46' title='bbox 95 1177 168 1244; x_wconf 88' lang='lat' dir='ltr'>niter</span> <span class='ocrx_word' id='word_1_47' title='bbox 196 1179 305 1244; x_wconf 85' lang='lat' dir='ltr'>emnia</span> <span class='ocrx_word' id='word_1_48' title='bbox 332 1177 373 1244; x_wconf 85' lang='lat' dir='ltr'>ad</span> <span class='ocrx_word' id='word_1_49' title='bbox 403 1178 591 1244; x_wconf 85' lang='lat' dir='ltr'>universum</span> <span class='ocrx_word' id='word_1_50' title='bbox 613 1178 811 1245; x_wconf 87' lang='lat' dir='ltr'>servandum</span> <span class='ocrx_word' id='word_1_51' title='bbox 835 1180 1016 1244; x_wconf 79' lang='lat' dir='ltr'>conferent.</span> <span class='ocrx_word' id='word_1_52' title='bbox 1060 1177 1178 1264; x_wconf 87' lang='lat' dir='ltr'>Neque</span> <span class='ocrx_word' id='word_1_53' title='bbox 1200 1175 1256 1241; x_wconf 85' lang='lat' dir='ltr'>illa</span> 
     </span>
    </p>
   </div>
   <div class='ocr_carea' id='block_1_5' title="bbox 94 1285 1377 1377">
    <p class='ocr_par' dir='ltr' id='par_1_5' title="bbox 94 1285 1377 1377">
     <span class='ocr_line' id='line_1_8' title="bbox 94 1285 1377 1377; baseline 0.001 -26"><span class='ocrx_word' id='word_1_54' title='bbox 94 1287 257 1376; x_wconf 72' lang='lat' dir='ltr'>explicatio</span> <span class='ocrx_word' id='word_1_55' title='bbox 287 1289 447 1377; x_wconf 87' lang='lat' dir='ltr'>probatur</span> <span class='ocrx_word' id='word_1_56' title='bbox 477 1288 517 1354; x_wconf 88' lang='lat' dir='ltr'>iis</span> <span class='ocrx_word' id='word_1_57' title='bbox 550 1312 634 1376; x_wconf 87' lang='lat' dir='ltr'>quae</span> <span class='ocrx_word' id='word_1_58' title='bbox 661 1289 853 1354; x_wconf 85' lang='lat' dir='ltr'>Aristoteles</span> <span class='ocrx_word' id='word_1_59' title='bbox 888 1287 1017 1354; x_wconf 84' lang='lat' dir='ltr'>disserit</span> <span class='ocrx_word' id='word_1_60' title='bbox 1049 1288 1089 1354; x_wconf 88' lang='lat' dir='ltr'>de</span> <span class='ocrx_word' id='word_1_61' title='bbox 1119 1285 1255 1368; x_wconf 85' lang='lat' dir='ltr'>ratione,</span> <span class='ocrx_word' id='word_1_62' title='bbox 1373 1301 1377 1310; x_wconf 84' lang='grc'><strong>“</strong></span> 
     </span>
    </p>
   </div>
   <div class='ocr_carea' id='block_1_6' title="bbox 92 1396 1259 3144">
    <p class='ocr_par' dir='ltr' id='par_1_6' title="bbox 92 1396 1259 2370">
     <span class='ocr_line' id='line_1_9' title="bbox 94 1396 1255 1488; baseline 0.001 -27"><span class='ocrx_word' id='word_1_63' title='bbox 94 1419 168 1484; x_wconf 87' lang='lat' dir='ltr'>quae</span> <span class='ocrx_word' id='word_1_64' title='bbox 201 1397 287 1465; x_wconf 88' lang='lat' dir='ltr'>inter</span> <span class='ocrx_word' id='word_1_65' title='bbox 322 1399 438 1466; x_wconf 83' lang='lat' dir='ltr'>dumus</span> <span class='ocrx_word' id='word_1_66' title='bbox 475 1397 545 1464; x_wconf 87' lang='lat' dir='ltr'>aive</span> <span class='ocrx_word' id='word_1_67' title='bbox 573 1398 717 1465; x_wconf 87' lang='lat' dir='ltr'>tamiliae</span> <span class='ocrx_word' id='word_1_68' title='bbox 749 1408 859 1488; x_wconf 84' lang='lat' dir='ltr'>partes</span> <span class='ocrx_word' id='word_1_69' title='bbox 890 1399 1034 1487; x_wconf 82' lang='lat' dir='ltr'>singulas</span> <span class='ocrx_word' id='word_1_70' title='bbox 1065 1396 1255 1464; x_wconf 78' lang='lat' dir='ltr'>intercedet</span> 
     </span>
     <span class='ocr_line' id='line_1_10' title="bbox 93 1505 1257 1597; baseline -0.001 -24"><span class='ocrx_word' id='word_1_71' title='bbox 93 1507 158 1574; x_wconf 86' lang='lat' dir='ltr'>Non</span> <span class='ocrx_word' id='word_1_72' title='bbox 181 1511 267 1576; x_wconf 90' lang='lat' dir='ltr'>enim</span> <span class='ocrx_word' id='word_1_73' title='bbox 290 1509 373 1575; x_wconf 85' lang='lat' dir='ltr'>dixit</span> <span class='ocrx_word' id='word_1_74' title='bbox 396 1531 509 1576; x_wconf 89' lang='lat' dir='ltr'>omnes</span> <span class='ocrx_word' id='word_1_75' title='bbox 533 1510 565 1575; x_wconf 93' lang='lat' dir='ltr'>in</span> <span class='ocrx_word' id='word_1_76' title='bbox 587 1511 712 1577; x_wconf 79' lang='lat' dir='ltr'>familia</span> <span class='ocrx_word' id='word_1_77' title='bbox 727 1509 838 1576; x_wconf 87' lang='lat' dir='ltr'>valere</span> <span class='ocrx_word' id='word_1_78' title='bbox 862 1507 983 1597; x_wconf 87' lang='lat' dir='ltr'>aliquid</span> <span class='ocrx_word' id='word_1_79' title='bbox 1007 1518 1050 1575; x_wconf 88' lang='lat' dir='ltr'>ad</span> <span class='ocrx_word' id='word_1_80' title='bbox 1071 1517 1175 1574; x_wconf 87' lang='lat' dir='ltr'>totum</span> <span class='ocrx_word' id='word_1_81' title='bbox 1191 1505 1257 1572; x_wconf 82' lang='lat' dir='ltr'>effi-</span> 
     </span>
     <span class='ocr_line' id='line_1_11' title="bbox 95 1618 1258 1708; baseline -0.001 -24"><span class='ocrx_word' id='word_1_82' title='bbox 95 1618 233 1688; x_wconf 89' lang='lat' dir='ltr'>ciendum</span> <span class='ocrx_word' id='word_1_83' title='bbox 267 1619 321 1686; x_wconf 85' lang='lat' dir='ltr'>vel</span> <span class='ocrx_word' id='word_1_84' title='bbox 356 1619 603 1708; x_wconf 82' lang='lat' dir='ltr'>complendum,</span> <span class='ocrx_word' id='word_1_85' title='bbox 642 1619 699 1685; x_wconf 87' lang='lat' dir='ltr'>aod</span> <span class='ocrx_word' id='word_1_86' title='bbox 735 1619 806 1685; x_wconf 89' lang='lat' dir='ltr'>aliis</span> <span class='ocrx_word' id='word_1_87' title='bbox 839 1620 934 1686; x_wconf 86' lang='lat' dir='ltr'>aliam</span> <span class='ocrx_word' id='word_1_88' title='bbox 971 1642 1045 1686; x_wconf 89' lang='lat' dir='ltr'>cnm</span> <span class='ocrx_word' id='word_1_89' title='bbox 1082 1627 1150 1685; x_wconf 86' lang='lat' dir='ltr'>toto</span> <span class='ocrx_word' id='word_1_90' title='bbox 1186 1639 1258 1684; x_wconf 86' lang='lat' dir='ltr'>ease</span> 
     </span>
     <span class='ocr_line' id='line_1_12' title="bbox 95 1721 1258 1814; baseline -0.001 -20"><span class='ocrx_word' id='word_1_91' title='bbox 95 1730 261 1814; x_wconf 86' lang='lat' dir='ltr'>rationem,</span> <span class='ocrx_word' id='word_1_92' title='bbox 291 1731 337 1796; x_wconf 87' lang='lat' dir='ltr'>ita</span> <span class='ocrx_word' id='word_1_93' title='bbox 359 1739 395 1796; x_wconf 88' lang='lat' dir='ltr'>ut</span> <span class='ocrx_word' id='word_1_94' title='bbox 417 1729 472 1796; x_wconf 84' lang='lat' dir='ltr'>alii</span> <span class='ocrx_word' id='word_1_95' title='bbox 501 1729 603 1796; x_wconf 87' lang='lat' dir='ltr'>artius</span> <span class='ocrx_word' id='word_1_96' title='bbox 627 1755 700 1796; x_wconf 89' lang='lat' dir='ltr'>cum</span> <span class='ocrx_word' id='word_1_97' title='bbox 723 1737 793 1795; x_wconf 91' lang='lat' dir='ltr'>toto</span> <span class='ocrx_word' id='word_1_98' title='bbox 818 1729 933 1796; x_wconf 85' lang='lat' dir='ltr'>conexi</span> <span class='ocrx_word' id='word_1_99' title='bbox 957 1721 1039 1814; x_wconf 49' lang='lat' dir='ltr'>sintj</span> <span class='ocrx_word' id='word_1_100' title='bbox 1064 1730 1170 1796; x_wconf 88' lang='lat' dir='ltr'>laxius</span> <span class='ocrx_word' id='word_1_101' title='bbox 1192 1727 1258 1794; x_wconf 88' lang='lat' dir='ltr'>alii.</span> 
     </span>
     <span class='ocr_line' id='line_1_13' title="bbox 94 1835 1259 1931; baseline -0.002 -26"><span class='ocrx_word' id='word_1_102' title='bbox 94 1839 170 1908; x_wconf 79' lang='lat' dir='ltr'>Tum</span> <span class='ocrx_word' id='word_1_103' title='bbox 193 1840 358 1931; x_wconf 89' lang='lat' dir='ltr'>quomodo</span> <span class='ocrx_word' id='word_1_104' title='bbox 381 1835 622 1927; x_wconf 76' lang='grc' dir='ltr'><strong><em>διακρίνεσθαι</em></strong></span> <span class='ocrx_word' id='word_1_105' title='bbox 644 1839 745 1906; x_wconf 89' lang='lat' dir='ltr'>verbo</span> <span class='ocrx_word' id='word_1_106' title='bbox 770 1839 947 1928; x_wconf 85' lang='lat' dir='ltr'>significari</span> <span class='ocrx_word' id='word_1_107' title='bbox 970 1849 1092 1926; x_wconf 87' lang='lat' dir='ltr'>potest:</span> <span class='ocrx_word' id='word_1_108' title='bbox 1120 1840 1259 1906; x_wconf 87' lang='lat' dir='ltr'>alterum</span> 
     </span>
     <span class='ocr_line' id='line_1_14' title="bbox 94 1947 1259 2039; baseline 0 -23"><span class='ocrx_word' id='word_1_109' title='bbox 94 1951 160 2016; x_wconf 86' lang='lat' dir='ltr'>oriri</span> <span class='ocrx_word' id='word_1_110' title='bbox 180 1975 222 2020; x_wconf 88' lang='lat' dir='ltr'>ex</span> <span class='ocrx_word' id='word_1_111' title='bbox 246 1951 372 2019; x_wconf 80' lang='lat' dir='ltr'>altero?</span> <span class='ocrx_word' id='word_1_112' title='bbox 399 1951 552 2039; x_wconf 89' lang='lat' dir='ltr'>Denique</span> <span class='ocrx_word' id='word_1_113' title='bbox 574 1951 666 2015; x_wconf 89' lang='lat' dir='ltr'>nullo</span> <span class='ocrx_word' id='word_1_114' title='bbox 690 1949 788 2016; x_wconf 90' lang='lat' dir='ltr'>modo</span> <span class='ocrx_word' id='word_1_115' title='bbox 812 1947 949 2018; x_wconf 76' lang='grc' dir='ltr'><strong><em>ἅπαντα</em></strong></span> <span class='ocrx_word' id='word_1_116' title='bbox 970 1953 1094 2018; x_wconf 84' lang='lat' dir='ltr'>referre</span> <span class='ocrx_word' id='word_1_117' title='bbox 1117 1951 1194 2018; x_wconf 90' lang='lat' dir='ltr'>licet</span> <span class='ocrx_word' id='word_1_118' title='bbox 1216 1949 1259 2017; x_wconf 91' lang='lat' dir='ltr'>ad</span> 
     </span>
     <span class='ocr_line' id='line_1_15' title="bbox 92 2059 1258 2150; baseline 0 -24"><span class='ocrx_word' id='word_1_119' title='bbox 92 2061 166 2128; x_wconf 87' lang='lat' dir='ltr'>aulas</span> <span class='ocrx_word' id='word_1_120' title='bbox 188 2086 240 2129; x_wconf 91' lang='lat' dir='ltr'>res</span> <span class='ocrx_word' id='word_1_121' title='bbox 264 2061 428 2143; x_wconf 84' lang='lat' dir='ltr'>mortales,</span> <span class='ocrx_word' id='word_1_122' title='bbox 451 2085 524 2128; x_wconf 83' lang='lat' dir='ltr'>cum</span> <span class='ocrx_word' id='word_1_123' title='bbox 548 2059 761 2150; x_wconf 84' lang='lat' dir='ltr'>philosophus</span> <span class='ocrx_word' id='word_1_124' title='bbox 777 2062 881 2126; x_wconf 88' lang='lat' dir='ltr'>verba</span> <span class='ocrx_word' id='word_1_125' title='bbox 901 2061 1001 2127; x_wconf 83' lang='lat' dir='ltr'>saciat</span> <span class='ocrx_word' id='word_1_126' title='bbox 1015 2061 1057 2128; x_wconf 89' lang='lat' dir='ltr'>de</span> <span class='ocrx_word' id='word_1_127' title='bbox 1072 2063 1133 2127; x_wconf 91' lang='lat' dir='ltr'>hac</span> <span class='ocrx_word' id='word_1_128' title='bbox 1149 2083 1258 2126; x_wconf 89' lang='lat' dir='ltr'>rerum</span> 
     </span>
     <span class='ocr_line' id='line_1_16' title="bbox 94 2169 1259 2260; baseline 0 -24"><span class='ocrx_word' id='word_1_129' title='bbox 94 2172 305 2240; x_wconf 69' lang='lat' dir='ltr'>universitate.</span> <span class='ocrx_word' id='word_1_130' title='bbox 351 2171 458 2252; x_wconf 81' lang='lat' dir='ltr'>Quam</span> <span class='ocrx_word' id='word_1_131' title='bbox 479 2173 522 2237; x_wconf 90' lang='lat' dir='ltr'>ob</span> <span class='ocrx_word' id='word_1_132' title='bbox 545 2193 678 2238; x_wconf 88' lang='lat' dir='ltr'>eausam</span> <span class='ocrx_word' id='word_1_133' title='bbox 700 2171 764 2238; x_wconf 91' lang='lat' dir='ltr'>iam</span> <span class='ocrx_word' id='word_1_134' title='bbox 786 2173 977 2238; x_wconf 78' lang='lat' dir='ltr'>Alexander</span> <span class='ocrx_word' id='word_1_135' title='bbox 992 2169 1259 2260; x_wconf 85' lang='lat' dir='ltr'>Aphrodisiensia</span> 
     </span>
     <span class='ocr_line' id='line_1_17' title="bbox 93 2279 570 2370; baseline 0.008 -26"><span class='ocrx_word' id='word_1_136' title='bbox 93 2279 168 2350; x_wconf 88' lang='lat' dir='ltr'>hanc</span> <span class='ocrx_word' id='word_1_137' title='bbox 190 2283 444 2370; x_wconf 81' lang='lat' dir='ltr'>explicationem</span> <span class='ocrx_word' id='word_1_138' title='bbox 466 2283 570 2349; x_wconf 74' lang='lat' dir='ltr'>reicit.</span> 
     </span>
    </p>

    <p class='ocr_par' dir='ltr' id='par_1_7' title="bbox 92 2391 1259 3144">
     <span class='ocr_line' id='line_1_18' title="bbox 168 2391 1259 2482; baseline 0.001 -24"><span class='ocrx_word' id='word_1_139' title='bbox 168 2392 318 2460; x_wconf 79' lang='lat' dir='ltr'>Eandem</span> <span class='ocrx_word' id='word_1_140' title='bbox 347 2393 417 2460; x_wconf 81' lang='lat' dir='ltr'>fere</span> <span class='ocrx_word' id='word_1_141' title='bbox 443 2403 544 2481; x_wconf 87' lang='lat' dir='ltr'>atque</span> <span class='ocrx_word' id='word_1_142' title='bbox 568 2393 750 2460; x_wconf 85' lang='lat' dir='ltr'>Alexandri</span> <span class='ocrx_word' id='word_1_143' title='bbox 775 2395 930 2482; x_wconf 82' lang='lat' dir='ltr'>magister</span> <span class='ocrx_word' id='word_1_144' title='bbox 952 2391 1136 2478; x_wconf 72' lang='grc' dir='ltr'><strong><em>διακρίνειν</em></strong></span> <span class='ocrx_word' id='word_1_145' title='bbox 1158 2394 1259 2458; x_wconf 84' lang='lat' dir='ltr'>verbo</span> 
     </span>
     <span class='ocr_line' id='line_1_19' title="bbox 93 2501 1259 2592; baseline 0.005 -26"><span class='ocrx_word' id='word_1_146' title='bbox 93 2501 249 2570; x_wconf 87' lang='lat' dir='ltr'>notionem</span> <span class='ocrx_word' id='word_1_147' title='bbox 278 2501 398 2570; x_wconf 87' lang='lat' dir='ltr'>subicit</span> <span class='ocrx_word' id='word_1_148' title='bbox 426 2503 596 2570; x_wconf 82' lang='lat' dir='ltr'>Boniteiua</span> <span class='ocrx_word' id='word_1_149' title='bbox 625 2515 724 2592; x_wconf 90' lang='lat' dir='ltr'>atque</span> <span class='ocrx_word' id='word_1_150' title='bbox 760 2504 992 2572; x_wconf 85' lang='lat' dir='ltr'>sententiarum</span> <span class='ocrx_word' id='word_1_151' title='bbox 1019 2504 1259 2572; x_wconf 88' lang='lat' dir='ltr'>cohaerentiam</span> 
     </span>
     <span class='ocr_line' id='line_1_20' title="bbox 92 2613 1259 2702; baseline 0.002 -24"><span class='ocrx_word' id='word_1_152' title='bbox 92 2613 194 2682; x_wconf 72' lang='lat' dir='ltr'>statuit</span> <span class='ocrx_word' id='word_1_153' title='bbox 215 2613 263 2680; x_wconf 93' lang='lat' dir='ltr'>illi</span> <span class='ocrx_word' id='word_1_154' title='bbox 286 2623 374 2680; x_wconf 86' lang='lat' dir='ltr'>certe</span> <span class='ocrx_word' id='word_1_155' title='bbox 397 2613 509 2701; x_wconf 88' lang='lat' dir='ltr'>aliqua</span> <span class='ocrx_word' id='word_1_156' title='bbox 530 2637 572 2680; x_wconf 85' lang='lat' dir='ltr'>ex</span> <span class='ocrx_word' id='word_1_157' title='bbox 594 2623 689 2702; x_wconf 82' lang='lat' dir='ltr'>parte</span> <span class='ocrx_word' id='word_1_158' title='bbox 711 2613 858 2681; x_wconf 87' lang='lat' dir='ltr'>similem.</span> <span class='ocrx_word' id='word_1_159' title='bbox 899 2615 1041 2702; x_wconf 80' lang='lat' dir='ltr'>„Omnia</span> <span class='ocrx_word' id='word_1_160' title='bbox 1064 2617 1179 2698; x_wconf 84' lang='lat' dir='ltr'>enim,“</span> <span class='ocrx_word' id='word_1_161' title='bbox 1203 2613 1259 2696; x_wconf 84' lang='lat' dir='ltr'>ait,</span> 
     </span>
     <span class='ocr_line' id='line_1_21' title="bbox 95 2723 1259 2806; baseline 0.003 -18"><span class='ocrx_word' id='word_1_162' title='bbox 95 2745 179 2806; x_wconf 77' lang='lat' dir='ltr'>„cum</span> <span class='ocrx_word' id='word_1_163' title='bbox 212 2724 364 2792; x_wconf 86' lang='lat' dir='ltr'>omnibus</span> <span class='ocrx_word' id='word_1_164' title='bbox 394 2725 571 2790; x_wconf 86' lang='lat' dir='ltr'>cohaerent</span> <span class='ocrx_word' id='word_1_165' title='bbox 598 2733 631 2790; x_wconf 90' lang='lat' dir='ltr'>ct</span> <span class='ocrx_word' id='word_1_166' title='bbox 659 2723 701 2792; x_wconf 86' lang='lat' dir='ltr'>ad</span> <span class='ocrx_word' id='word_1_167' title='bbox 731 2749 831 2792; x_wconf 88' lang='lat' dir='ltr'>unum</span> <span class='ocrx_word' id='word_1_168' title='bbox 864 2725 1012 2792; x_wconf 88' lang='lat' dir='ltr'>tendunt.</span> <span class='ocrx_word' id='word_1_169' title='bbox 1058 2727 1128 2792; x_wconf 90' lang='lat' dir='ltr'>Iam</span> <span class='ocrx_word' id='word_1_170' title='bbox 1157 2725 1259 2792; x_wconf 83' lang='lat' dir='ltr'>veluti</span> 
     </span>
     <span class='ocr_line' id='line_1_22' title="bbox 93 2829 1258 2923; baseline 0.004 -25"><span class='ocrx_word' id='word_1_171' title='bbox 93 2829 120 2898; x_wconf 91' lang='lat' dir='ltr'>iu</span> <span class='ocrx_word' id='word_1_172' title='bbox 146 2835 280 2904; x_wconf 77' lang='lat' dir='ltr'>civitate</span> <span class='ocrx_word' id='word_1_173' title='bbox 307 2855 373 2902; x_wconf 85' lang='lat' dir='ltr'>non</span> <span class='ocrx_word' id='word_1_174' title='bbox 401 2833 516 2902; x_wconf 86' lang='lat' dir='ltr'>eadem</span> <span class='ocrx_word' id='word_1_175' title='bbox 547 2845 598 2900; x_wconf 88' lang='lat' dir='ltr'>est</span> <span class='ocrx_word' id='word_1_176' title='bbox 624 2835 770 2902; x_wconf 87' lang='lat' dir='ltr'>omnium</span> <span class='ocrx_word' id='word_1_177' title='bbox 799 2836 976 2903; x_wconf 85' lang='lat' dir='ltr'>auctoritas</span> <span class='ocrx_word' id='word_1_178' title='bbox 1007 2859 1113 2923; x_wconf 87' lang='lat' dir='ltr'>neque</span> <span class='ocrx_word' id='word_1_179' title='bbox 1141 2836 1258 2903; x_wconf 90' lang='lat' dir='ltr'>iisdem</span> 
     </span>
     <span class='ocr_line' id='line_1_23' title="bbox 93 2939 1257 3030; baseline 0.003 -18"><span class='ocrx_word' id='word_1_180' title='bbox 93 2939 212 3030; x_wconf 83' lang='lat' dir='ltr'>legibus</span> <span class='ocrx_word' id='word_1_181' title='bbox 244 2967 359 3014; x_wconf 87' lang='lat' dir='ltr'>ornnes</span> <span class='ocrx_word' id='word_1_182' title='bbox 392 2954 468 3010; x_wconf 85' lang='lat' dir='ltr'>suut</span> <span class='ocrx_word' id='word_1_183' title='bbox 501 2942 666 3026; x_wconf 73' lang='lat' dir='ltr'>adstricti,</span> <span class='ocrx_word' id='word_1_184' title='bbox 700 2948 758 3012; x_wconf 89' lang='lat' dir='ltr'>sed</span> <span class='ocrx_word' id='word_1_185' title='bbox 792 2945 896 3012; x_wconf 86' lang='lat' dir='ltr'>maior</span> <span class='ocrx_word' id='word_1_186' title='bbox 930 2945 1104 3013; x_wconf 84' lang='lat' dir='ltr'>auctoritas</span> <span class='ocrx_word' id='word_1_187' title='bbox 1137 2948 1257 3016; x_wconf 86' lang='lat' dir='ltr'>civium</span> 
     </span>
     <span class='ocr_line' id='line_1_24' title="bbox 95 3049 1257 3144; baseline 0.009 -29"><span class='ocrx_word' id='word_1_188' title='bbox 95 3049 280 3138; x_wconf 87' lang='lat' dir='ltr'>liberorum,</span> <span class='ocrx_word' id='word_1_189' title='bbox 308 3056 413 3122; x_wconf 87' lang='lat' dir='ltr'>minor</span> <span class='ocrx_word' id='word_1_190' title='bbox 435 3075 474 3122; x_wconf 89' lang='lat' dir='ltr'>ac</span> <span class='ocrx_word' id='word_1_191' title='bbox 496 3077 600 3143; x_wconf 84' lang='lat' dir='ltr'>prope</span> <span class='ocrx_word' id='word_1_192' title='bbox 621 3055 712 3124; x_wconf 86' lang='lat' dir='ltr'>nulle</span> <span class='ocrx_word' id='word_1_193' title='bbox 734 3079 917 3140; x_wconf 84' lang='lat' dir='ltr'>servorum,</span> <span class='ocrx_word' id='word_1_194' title='bbox 949 3079 987 3123; x_wconf 87' lang='lat' dir='ltr'>ac</span> <span class='ocrx_word' id='word_1_195' title='bbox 1015 3067 1189 3144; x_wconf 87' lang='lat' dir='ltr'>propterea</span> <span class='ocrx_word' id='word_1_196' title='bbox 1210 3059 1257 3126; x_wconf 91' lang='lat' dir='ltr'>illi</span> 
     </span>
    </p>
   </div>
   <div class='ocr_carea' id='block_1_7' title="bbox 22 3165 1258 3266">
    <p class='ocr_par' dir='ltr' id='par_1_8' title="bbox 22 3165 1258 3266">
     <span class='ocr_line' id='line_1_25' title="bbox 22 3165 1258 3266; baseline 0.004 -35"><span class='ocrx_word' id='word_1_197' title='bbox 22 3219 23 3266; x_wconf 30' lang='grc' dir='ltr'><strong>ἱ</strong></span> <span class='ocrx_word' id='word_1_198' title='bbox 94 3165 163 3250; x_wconf 88' lang='lat' dir='ltr'>qnid</span> <span class='ocrx_word' id='word_1_199' title='bbox 191 3167 234 3233; x_wconf 84' lang='lat' dir='ltr'>ad</span> <span class='ocrx_word' id='word_1_200' title='bbox 263 3165 429 3232; x_wconf 84' lang='lat' dir='ltr'>civitatem</span> <span class='ocrx_word' id='word_1_201' title='bbox 459 3166 607 3232; x_wconf 88' lang='lat' dir='ltr'>conferre</span> <span class='ocrx_word' id='word_1_202' title='bbox 635 3167 777 3234; x_wconf 88' lang='lat' dir='ltr'>debeant</span> <span class='ocrx_word' id='word_1_203' title='bbox 804 3167 1046 3234; x_wconf 79' lang='lat' dir='ltr'>accuratissime</span> <span class='ocrx_word' id='word_1_204' title='bbox 1068 3178 1118 3234; x_wconf 89' lang='lat' dir='ltr'>eat</span> <span class='ocrx_word' id='word_1_205' title='bbox 1140 3169 1258 3236; x_wconf 90' lang='lat' dir='ltr'>descri-</span> 
     </span>
    </p>
   </div>
   <div class='ocr_carea' id='block_1_8' title="bbox 21 4439 23 4554">
    <p class='ocr_par' dir='ltr' id='par_1_9' title="bbox 21 4439 23 4554">
     <span class='ocr_line' id='line_1_26' title="bbox 21 4439 23 4554; baseline 0 0"><span class='ocrx_word' id='word_1_206' title='bbox 21 4439 23 4554; x_wconf 88' lang='lat' dir='ltr'>l</span> 
     </span>
    </p>
   </div>
   <div class='ocr_carea' id='block_1_9' title="bbox 93 3387 1259 4030">
    <p class='ocr_par' dir='ltr' id='par_1_10' title="bbox 93 3387 1259 4030">
     <span class='ocr_line' id='line_1_27' title="bbox 94 3387 1258 3475; baseline 0.007 -27"><span class='ocrx_word' id='word_1_207' title='bbox 94 3394 137 3450; x_wconf 90' lang='lat' dir='ltr'>est</span> <span class='ocrx_word' id='word_1_208' title='bbox 162 3387 258 3454; x_wconf 86' lang='lat' dir='ltr'>ratio.</span> <span class='ocrx_word' id='word_1_209' title='bbox 278 3391 282 3400; x_wconf 79' lang='grc'><strong>’</strong></span> <span class='ocrx_word' id='word_1_210' title='bbox 304 3387 372 3454; x_wconf 88' lang='lat' dir='ltr'>Pro</span> <span class='ocrx_word' id='word_1_211' title='bbox 400 3411 459 3455; x_wconf 87' lang='lat' dir='ltr'>sua</span> <span class='ocrx_word' id='word_1_212' title='bbox 485 3387 629 3475; x_wconf 90' lang='lat' dir='ltr'>quidque</span> <span class='ocrx_word' id='word_1_213' title='bbox 658 3398 775 3455; x_wconf 85' lang='lat' dir='ltr'>natura</span> <span class='ocrx_word' id='word_1_214' title='bbox 797 3411 890 3456; x_wconf 86' lang='lat' dir='ltr'>auam</span> <span class='ocrx_word' id='word_1_215' title='bbox 914 3387 956 3455; x_wconf 91' lang='lat' dir='ltr'>ad</span> <span class='ocrx_word' id='word_1_216' title='bbox 978 3387 1121 3454; x_wconf 87' lang='lat' dir='ltr'>universi</span> <span class='ocrx_word' id='word_1_217' title='bbox 1144 3390 1258 3456; x_wconf 89' lang='lat' dir='ltr'>mundi</span> 
     </span>
     <span class='ocr_line' id='line_1_28' title="bbox 93 3495 1259 3586; baseline 0.009 -28"><span class='ocrx_word' id='word_1_218' title='bbox 93 3495 231 3564; x_wconf 88' lang='lat' dir='ltr'>ordinem</span> <span class='ocrx_word' id='word_1_219' title='bbox 260 3499 387 3566; x_wconf 82' lang='lat' dir='ltr'>confert</span> <span class='ocrx_word' id='word_1_220' title='bbox 424 3507 569 3585; x_wconf 83' lang='lat' dir='ltr'>partera3</span> <span class='ocrx_word' id='word_1_221' title='bbox 602 3496 660 3564; x_wconf 85' lang='lat' dir='ltr'>aed</span> <span class='ocrx_word' id='word_1_222' title='bbox 697 3497 871 3586; x_wconf 86' lang='lat' dir='ltr'>plurimum</span> <span class='ocrx_word' id='word_1_223' title='bbox 907 3501 1077 3569; x_wconf 80' lang='lat' dir='ltr'>conferunt</span> <span class='ocrx_word' id='word_1_224' title='bbox 1104 3511 1259 3568; x_wconf 90' lang='lat' dir='ltr'>aeternae</span> 
     </span>
     <span class='ocr_line' id='line_1_29' title="bbox 94 3604 1259 3700; baseline 0.008 -33"><span class='ocrx_word' id='word_1_225' title='bbox 94 3604 231 3678; x_wconf 87' lang='lat' dir='ltr'>siderum</span> <span class='ocrx_word' id='word_1_226' title='bbox 258 3609 475 3688; x_wconf 86' lang='lat' dir='ltr'>substantiae,</span> <span class='ocrx_word' id='word_1_227' title='bbox 510 3609 569 3674; x_wconf 87' lang='lat' dir='ltr'>has</span> <span class='ocrx_word' id='word_1_228' title='bbox 602 3609 687 3674; x_wconf 89' lang='lat' dir='ltr'>enim</span> <span class='ocrx_word' id='word_1_229' title='bbox 716 3608 845 3676; x_wconf 86' lang='lat' dir='ltr'>videtur</span> <span class='ocrx_word' id='word_1_230' title='bbox 880 3609 1033 3698; x_wconf 80' lang='lat' dir='ltr'>ingenuis</span> <span class='ocrx_word' id='word_1_231' title='bbox 1065 3633 1259 3700; x_wconf 86' lang='lat' dir='ltr'>comparare</span> 
     </span>
     <span class='ocr_line' id='line_1_30' title="bbox 93 3715 1259 3810; baseline 0.009 -30"><span class='ocrx_word' id='word_1_232' title='bbox 93 3715 227 3804; x_wconf 82' lang='lat' dir='ltr'>civibus,</span> <span class='ocrx_word' id='word_1_233' title='bbox 261 3729 461 3810; x_wconf 88' lang='lat' dir='ltr'>quapropter</span> <span class='ocrx_word' id='word_1_234' title='bbox 498 3718 660 3786; x_wconf 84' lang='lat' dir='ltr'>artissima</span> <span class='ocrx_word' id='word_1_235' title='bbox 693 3719 768 3808; x_wconf 81' lang='lat' dir='ltr'>lege</span> <span class='ocrx_word' id='word_1_236' title='bbox 795 3741 907 3788; x_wconf 90' lang='lat' dir='ltr'>eorum</span> <span class='ocrx_word' id='word_1_237' title='bbox 936 3723 1003 3789; x_wconf 87' lang='lat' dir='ltr'>vita</span> <span class='ocrx_word' id='word_1_238' title='bbox 1032 3733 1065 3788; x_wconf 86' lang='lat' dir='ltr'>et</span> <span class='ocrx_word' id='word_1_239' title='bbox 1092 3722 1176 3790; x_wconf 87' lang='lat' dir='ltr'>aetio</span> <span class='ocrx_word' id='word_1_240' title='bbox 1205 3723 1259 3790; x_wconf 90' lang='lat' dir='ltr'>de·</span> 
     </span>
     <span class='ocr_line' id='line_1_31' title="bbox 94 3827 1257 3920; baseline 0.004 -28"><span class='ocrx_word' id='word_1_241' title='bbox 94 3827 206 3918; x_wconf 86' lang='lat' dir='ltr'>scripta</span> <span class='ocrx_word' id='word_1_242' title='bbox 228 3841 294 3916; x_wconf 81' lang='lat' dir='ltr'>eat3</span> <span class='ocrx_word' id='word_1_243' title='bbox 317 3829 437 3918; x_wconf 87' lang='lat' dir='ltr'>exigua</span> <span class='ocrx_word' id='word_1_244' title='bbox 459 3830 631 3898; x_wconf 83' lang='lat' dir='ltr'>conferunt</span> <span class='ocrx_word' id='word_1_245' title='bbox 648 3851 707 3896; x_wconf 89' lang='lat' dir='ltr'>eae</span> <span class='ocrx_word' id='word_1_246' title='bbox 729 3853 792 3915; x_wconf 82' lang='lat' dir='ltr'>res,</span> <span class='ocrx_word' id='word_1_247' title='bbox 816 3853 900 3920; x_wconf 88' lang='lat' dir='ltr'>quae</span> <span class='ocrx_word' id='word_1_248' title='bbox 922 3832 1004 3898; x_wconf 89' lang='lat' dir='ltr'>fiunt</span> <span class='ocrx_word' id='word_1_249' title='bbox 1028 3841 1060 3897; x_wconf 91' lang='lat' dir='ltr'>et</span> <span class='ocrx_word' id='word_1_250' title='bbox 1081 3833 1257 3913; x_wconf 88' lang='lat' dir='ltr'>intereunt,</span> 
     </span>
     <span class='ocr_line' id='line_1_32' title="bbox 95 3938 1258 4030; baseline 0.002 -26"><span class='ocrx_word' id='word_1_251' title='bbox 95 3938 241 4008; x_wconf 80' lang='lat' dir='ltr'>animalia</span> <span class='ocrx_word' id='word_1_252' title='bbox 263 3941 394 4030; x_wconf 87' lang='lat' dir='ltr'>plantae</span> <span class='ocrx_word' id='word_1_253' title='bbox 416 3941 553 4028; x_wconf 88' lang='lat' dir='ltr'>reliqua,</span> <span class='ocrx_word' id='word_1_254' title='bbox 575 3963 640 4027; x_wconf 86' lang='lat' dir='ltr'>qua</span> <span class='ocrx_word' id='word_1_255' title='bbox 663 3939 704 4008; x_wconf 90' lang='lat' dir='ltr'>de</span> <span class='ocrx_word' id='word_1_256' title='bbox 727 3965 824 4008; x_wconf 87' lang='lat' dir='ltr'>causa</span> <span class='ocrx_word' id='word_1_257' title='bbox 845 3943 986 4030; x_wconf 87' lang='lat' dir='ltr'>plurima</span> <span class='ocrx_word' id='word_1_258' title='bbox 1004 3943 1037 4010; x_wconf 93' lang='lat' dir='ltr'>in</span> <span class='ocrx_word' id='word_1_259' title='bbox 1052 3942 1093 4008; x_wconf 87' lang='lat' dir='ltr'>iia</span> <span class='ocrx_word' id='word_1_260' title='bbox 1107 3943 1258 4010; x_wconf 82' lang='lat' dir='ltr'>fortunae</span> 
     </span>
    </p>
   </div>
   <div class='ocr_carea' id='block_1_10' title="bbox 21 4049 1258 4474">
    <p class='ocr_par' dir='ltr' id='par_1_11' title="bbox 21 4049 1258 4474">
     <span class='ocr_line' id='line_1_33' title="bbox 96 4049 1258 4143; baseline 0.006 -33"><span class='ocrx_word' id='word_1_261' title='bbox 96 4057 125 4113; x_wconf 89' lang='lat' dir='ltr'>at</span> <span class='ocrx_word' id='word_1_262' title='bbox 143 4053 232 4120; x_wconf 86' lang='lat' dir='ltr'>casui</span> <span class='ocrx_word' id='word_1_263' title='bbox 255 4063 432 4138; x_wconf 86' lang='lat' dir='ltr'>potnerunt</span> <span class='ocrx_word' id='word_1_264' title='bbox 454 4052 608 4143; x_wconf 87' lang='lat' dir='ltr'>permitti.</span> <span class='ocrx_word' id='word_1_265' title='bbox 654 4049 740 4119; x_wconf 83' lang='lat' dir='ltr'>Sunt</span> <span class='ocrx_word' id='word_1_266' title='bbox 761 4061 870 4120; x_wconf 85' lang='lat' dir='ltr'>tamen</span> <span class='ocrx_word' id='word_1_267' title='bbox 894 4051 1064 4141; x_wconf 83' lang='lat' dir='ltr'>quaedam,</span> <span class='ocrx_word' id='word_1_268' title='bbox 1088 4073 1173 4140; x_wconf 86' lang='lat' dir='ltr'>quae</span> <span class='ocrx_word' id='word_1_269' title='bbox 1194 4053 1258 4118; x_wconf 83' lang='lat' dir='ltr'>hae</span> 
     </span>
     <span class='ocr_line' id='line_1_34' title="bbox 96 4157 1258 4243; baseline 0.003 -19"><span class='ocrx_word' id='word_1_270' title='bbox 96 4157 185 4230; x_wconf 86' lang='lat' dir='ltr'>etiam</span> <span class='ocrx_word' id='word_1_271' title='bbox 209 4183 264 4228; x_wconf 91' lang='lat' dir='ltr'>res</span> <span class='ocrx_word' id='word_1_272' title='bbox 285 4162 328 4230; x_wconf 89' lang='lat' dir='ltr'>ad</span> <span class='ocrx_word' id='word_1_273' title='bbox 350 4162 638 4232; x_wconf 85' lang='lat' dir='ltr'>consummandum</span> <span class='ocrx_word' id='word_1_274' title='bbox 662 4163 816 4230; x_wconf 88' lang='lat' dir='ltr'>mundum</span> <span class='ocrx_word' id='word_1_275' title='bbox 840 4163 1028 4243; x_wconf 82' lang='lat' dir='ltr'>conferunt,</span> <span class='ocrx_word' id='word_1_276' title='bbox 1056 4162 1157 4230; x_wconf 79' lang='lat' dir='ltr'>veluti</span> <span class='ocrx_word' id='word_1_277' title='bbox 1179 4163 1258 4228; x_wconf 91' lang='lat' dir='ltr'>alte·</span> 
     </span>
     <span class='ocr_line' id='line_1_35' title="bbox 96 4264 1258 4362; baseline 0.002 -26"><span class='ocrx_word' id='word_1_278' title='bbox 96 4267 156 4336; x_wconf 71' lang='lat' dir='ltr'>dns</span> <span class='ocrx_word' id='word_1_279' title='bbox 176 4273 346 4360; x_wconf 86' lang='lat' dir='ltr'>generatio</span> <span class='ocrx_word' id='word_1_280' title='bbox 371 4295 413 4342; x_wconf 85' lang='lat' dir='ltr'>ex</span> <span class='ocrx_word' id='word_1_281' title='bbox 434 4274 566 4342; x_wconf 88' lang='lat' dir='ltr'>alterius</span> <span class='ocrx_word' id='word_1_282' title='bbox 588 4273 720 4341; x_wconf 84' lang='lat' dir='ltr'>interitu</span> <span class='ocrx_word' id='word_1_283' title='bbox 744 4264 831 4358; x_wconf 78' lang='lat' dir='ltr'>(olor</span> <span class='ocrx_word' id='word_1_284' title='bbox 855 4269 904 4353; x_wconf 63' lang='lat' dir='ltr'>aii·</span> <span class='ocrx_word' id='word_1_285' title='bbox 927 4299 963 4361; x_wconf 77' lang='grc' dir='ltr'>γε</span> <span class='ocrx_word' id='word_1_286' title='bbox 978 4272 1017 4340; x_wconf 81' lang='grc' dir='ltr'>τὸ</span> <span class='ocrx_word' id='word_1_287' title='bbox 1033 4274 1258 4362; x_wconf 72' lang='grc' dir='ltr'>διακριθῆναι</span> 
     </span>
     <span class='ocr_line' id='line_1_36' title="bbox 21 4383 1258 4474; baseline 0.003 -28"><span class='ocrx_word' id='word_1_288' title='bbox 21 4403 22 4422; x_wconf 60' lang='lat'>¹</span> <span class='ocrx_word' id='word_1_289' title='bbox 95 4383 157 4448; x_wconf 71' lang='lat' dir='ltr'>aa.</span> <span class='ocrx_word' id='word_1_290' title='bbox 181 4383 273 4471; x_wconf 68' lang='lat'>223)</span> <span class='ocrx_word' id='word_1_291' title='bbox 296 4385 424 4474; x_wconf 84' lang='lat' dir='ltr'>aliaque</span> <span class='ocrx_word' id='word_1_292' title='bbox 448 4407 531 4474; x_wconf 89' lang='lat' dir='ltr'>quse</span> <span class='ocrx_word' id='word_1_293' title='bbox 561 4383 775 4452; x_wconf 91' lang='lat' dir='ltr'>communiter</span> <span class='ocrx_word' id='word_1_294' title='bbox 805 4383 913 4452; x_wconf 86' lang='lat' dir='ltr'>omnia</span> <span class='ocrx_word' id='word_1_295' title='bbox 935 4385 1105 4454; x_wconf 79' lang='lat' dir='ltr'>conferunt</span> <span class='ocrx_word' id='word_1_296' title='bbox 1127 4384 1168 4450; x_wconf 84' lang='lat' dir='ltr'>ad</span> <span class='ocrx_word' id='word_1_297' title='bbox 1191 4405 1258 4450; x_wconf 85' lang='lat' dir='ltr'>aer·</span> 
     </span>
    </p>
   </div>
   <div class='ocr_carea' id='block_1_11' title="bbox 96 4484 1258 4584">
    <p class='ocr_par' dir='ltr' id='par_1_12' title="bbox 96 4484 1258 4584">
     <span class='ocr_line' id='line_1_37' title="bbox 96 4484 1258 4584; baseline 0 -24"><span class='ocrx_word' id='word_1_298' title='bbox 96 4493 229 4566; x_wconf 80' lang='lat' dir='ltr'>vandum</span> <span class='ocrx_word' id='word_1_299' title='bbox 254 4494 367 4566; x_wconf 86' lang='lat' dir='ltr'>mnndi</span> <span class='ocrx_word' id='word_1_300' title='bbox 382 4494 560 4564; x_wconf 83' lang='lat' dir='ltr'>ordinem.“</span> <span class='ocrx_word' id='word_1_301' title='bbox 596 4495 796 4564; x_wconf 83' lang='lat' dir='ltr'>Omittamus</span> <span class='ocrx_word' id='word_1_302' title='bbox 819 4495 906 4584; x_wconf 85' lang='lat' dir='ltr'>quod</span> <span class='ocrx_word' id='word_1_303' title='bbox 932 4484 1035 4564; x_wconf 61' lang='lat' dir='ltr'>homo*</span> <span class='ocrx_word' id='word_1_304' title='bbox 1048 4493 1258 4566; x_wconf 84' lang='lat' dir='ltr'>doctissimus</span> 
     </span>
    </p>
   </div>
   <div class='ocr_carea' id='block_1_12' title="bbox 0 0 1482 5076">
    <p class='ocr_par' dir='ltr' id='par_1_13' title="bbox 0 0 1482 5076">
     <span class='ocr_line' id='line_1_38' title="bbox 0 0 1482 5076; baseline 0 0"><span class='ocrx_word' id='word_1_305' title='bbox 0 0 1482 5076; x_wconf 95' lang='lat' dir='ltr'> </span> 
     </span>
    </p>
   </div>
  </div>
 </body>
</html>
