2870 5076
697 449 904 516 ..53..

221 633 270 688 est
292 631 324 687 et
347 631 501 703 servatur,
529 643 626 686 caeca
650 643 719 686 esse
742 643 807 686 non
829 631 952 708 potest,
981 620 1078 687 immo
1102 642 1235 688 necesse
1255 633 1302 688 est
1322 643 1368 688 ex·

222 735 343 801 oriatur
366 755 385 795 a
407 730 586 797 substantia
610 730 747 819 sapienti
771 752 808 794 ae
831 731 926 816 plena
948 729 1091 796 rationis.

306 844 421 930 Itaque
450 851 586 928 apparet
618 842 928 925 argumentationem
958 864 1023 928 qua
1046 842 1237 909 Aristotcles
1260 864 1367 908 numen

221 956 364 1022 divinum
389 951 629 1038 agnoscendum
655 975 725 1018 esse
749 955 970 1019 demonstrare
993 954 1115 1034 studet,
1143 975 1368 1042 quamquama

220 1079 309 1132 motu
337 1063 471 1141 orditur,
501 1073 610 1127 tamen
648 1086 744 1128 causa
772 1064 863 1129 inniti
897 1061 995 1127 finali.
1041 1065 1110 1130 lem
1141 1063 1368 1130 consideremus

222 1176 387 1265 proxima,
423 1171 538 1260 quibus
571 1173 780 1260 philosophus
815 1172 903 1260 quali
942 1175 1028 1238 vitae
1061 1173 1244 1239 conditione
1277 1173 1370 1260 prima

221 1285 400 1354 substantia
432 1257 771 1369 utatur⁰describit¹).
833 1283 944 1368 ,Vita
976 1294 1105 1350 autem
1139 1293 1214 1366 est,
1250 1283 1369 1372 qualis

221 1398 372 1487 optima
399 1417 475 1482 qua
503 1417 572 1458 nos
603 1417 673 1479 per
700 1395 823 1460 breve
854 1395 1051 1480 temporis
1086 1395 1257 1483 spatium
1284 1390 1371 1457 frui·

221 1532 312 1588 mur.
356 1506 455 1572 Nam
490 1527 646 1590 semper
678 1504 778 1570 illud
808 1502 864 1568 sie
892 1526 931 1568 se
959 1504 1091 1586 babet,
1124 1505 1252 1592 (uobis
1281 1502 1369 1568 enim

221 1621 293 1686 hcc
323 1639 398 1683 non
427 1613 654 1701 contingit),
690 1639 771 1681 oum
801 1613 920 1680 etiam
951 1616 1136 1702 voluptas
1168 1626 1284 1682 actus
1311 1611 1370 1690 sit,

220 1730 241 1794 b
261 1729 312 1793 16:
335 1724 411 1792 ἐπεὶ
430 1724 487 1791 καὶ
507 1718 611 1812 ἡδονὴ
633 1718 652 1812 ἡ
670 1723 819 1813 ἐνέργεια
838 1720 981 1814 [τούτου]
997 1724 1032 1810 ⁸),
1056 1727 1095 1790 cf.
1118 1726 1194 1792 Eth.
1211 1725 1285 1792 Nic.
1301 1720 1368 1801 Vll,

224 1841 272 1905 lo.
288 1829 415 1902 'lietb
432 1838 484 1918 25,
517 1837 593 1916 VII,
620 1837 669 1901 13.
696 1837 877 1918 1153a12,
901 1836 945 1916 X,
976 1837 1005 1900 4.
1034 1837 1115 1903 1174
1132 1837 1151 1900 b
1168 1835 1226 1900 23:
1254 1835 1370 1900 calami

219 1947 279 2038 νῆν
300 1943 466 2036 ἐνέργειαν
488 1940 509 2034 ἦ
532 1940 649 2035 ἡδονή.
687 1947 952 2035 Anteaprimam
976 1946 1188 2012 substantiam
1212 1955 1368 2010 aeternum

220 2070 328 2126 aetum
351 2080 420 2123 esse
444 2058 565 2142 docuit;
596 2059 684 2144 atqui
712 2069 803 2124 actus
832 2057 925 2122 affert
956 2058 1169 2144 voluptatem
1201 2079 1281 2141 ergo
1309 2053 1370 2119 sub·

220 2170 337 2236 stantia
360 2169 464 2254 prima
488 2180 520 2233 et
544 2168 709 2255 voluptate
732 2167 848 2233 fruitur
871 2177 903 2232 et
926 2190 1052 2255 semper
1075 2189 1113 2232 ea
1135 2166 1263 2233 fruitur.
1308 2166 1369 2230 At·

219 2303 297 2371 que
318 2279 366 2346 ob
388 2279 487 2344 banc
512 2301 685 2360 causam,
709 2278 800 2342 bll:
832 2276 889 2344 aci
910 2276 969 2344 διὰ
990 2281 1101 2358 τοῦτο,
1126 2278 1156 2342 b.
1175 2299 1201 2343 e.
1225 2271 1368 2345 fasiani

154 2467 157 2474 ι
223 2461 422 2477 μ-

218 2572 311 2644 ψυχὴν
331 2567 539 2642 συμβαινόντων
558 2574 604 2622 καὶ
623 2567 679 2624 ἀπό
699 2573 753 2624 τῶν
769 2569 923 2641 μετεώρων·
944 2570 1006 2625 ott‘
1028 2570 1084 2625 ἀπὸ
1102 2571 1156 2643 μὲν
1175 2574 1229 2625 τοῖν
1249 2573 1312 2640 περὶ
1328 2565 1368 2632 τὴν

219 2659 311 2734 ψυχὴν
335 2655 554 2730 συμβαινόντων,
579 2657 625 2712 dmi
649 2657 711 2718 τοὺς
733 2659 763 2712 έν
786 2664 842 2719 τοῖς
865 2656 962 2718 ὕπνοις
983 2664 1147 2731 γινομένους
1165 2655 1263 2724 ταύτης
1282 2663 1368 2713 triton-

219 2749 354 2820 σιασμοὺς
372 2748 418 2800 καὶ
437 2745 484 2805 τὰς
500 2752 632 2816 μαντείας
650 2785 767 2800 .....
788 2744 856 2800 ἀλλὰ
876 2745 910 2814 δὴ
930 2753 976 2800 καὶ
995 2747 1051 2803 ἀπὸ
1070 2750 1125 2802 τῶν
1136 2745 1291 2819 μετεώρων·
1311 2751 1368 2798 θεα-

218 2833 334 2909 σόμενοι
352 2835 406 2906 γὰρ
424 2835 491 2906 μεθ’
510 2833 616 2907 ἡμέραν
634 2835 687 2906 μὲν
706 2831 783 2902 ἥλιον
802 2838 1023 2905 περιπολοῦντα,
1047 2833 1155 2906 νύκτωρ
1178 2835 1210 2890 ot
1233 2833 1283 2904 τὴν
1300 2825 1369 2888 aira-

218 2943 283 2979 κτον
304 2927 359 2979 τῶν
377 2919 609 2996 tirossamen
633 2927 751 2990 κίνησιν,
776 2917 911 2994 ἐνόμισαν
931 2923 1004 2978 strat
1021 2941 1081 2978 τινα
1106 2922 1172 2979 θεὸν
1191 2921 1240 2979 τόν
1258 2925 1303 2992 τῆς
1319 2937 1368 2974 τοι·

219 3009 298 3079 αότης
321 3010 450 3079 κινήσεως
476 3015 523 3064 καὶ
546 3008 670 3070 εὐταξίας
692 3013 788 3063 αἴτιον.
826 3012 933 3075 Cicero,
958 3013 990 3063 de
1012 3021 1099 3064 natur.
1118 3013 1187 3066 deor.
1207 3014 1248 3077 11,
1270 3017 1309 3064 31.
1327 3015 1366 3058 ⁹5³

217 3104 353 3154 Praeclare
372 3119 434 3168 ergo
454 3101 608 3152 Aristoteles
631 3101 654 3149 si
679 3107 778 3162 essent,
804 3101 906 3166 inquit,
932 3102 978 3165 qui
997 3100 1134 3152 subterra
1153 3118 1255 3167 semper
1274 3099 1366 3150 habita·
1422 3113 1423 3146 ι

218 3195 320 3242 vissent
345 3189 422 3241 bonis
448 3197 473 3240 et
496 3186 647 3240 illustribus
672 3187 831 3253 domiciliis,
862 3204 929 3254 qnae
958 3194 1046 3238 essent
1070 3195 1161 3239 ornata
1187 3189 1274 3256 signis
1298 3193 1367 3250 atqua

217 3279 328 3344 picturis
347 3279 528 3342 instructaque
546 3275 624 3328 rebus
644 3278 678 3327 iis
698 3275 835 3340 omnibus,
860 3276 957 3342 quibus
981 3275 1117 3327 abundant
1136 3277 1156 3326 ii
1176 3280 1223 3342 qui
1241 3277 1309 3329 besti
1326 3287 1366 3340 pu·

218 3371 315 3429 tantur,
341 3382 390 3416 nec
408 3372 493 3416 tamen
513 3366 630 3416 exissent
648 3380 773 3430 nmquam
793 3380 872 3430 supra
891 3336 993 3427 terrain,
1019 3367 1182 3429 accepissent
1201 3373 1288 3416 autem
1306 3363 1368 3412 fama

217 3458 242 3502 et
261 3453 396 3503 auditione
414 3468 471 3502 esse
490 3453 619 3517 quoddam
645 3467 741 3503 numen
761 3461 786 3502 et
805 3454 859 3502 vim
879 3452 1001 3513 deorum,
1028 3452 1121 3502 deiude
1145 3453 1236 3519 aliquo
1262 3461 1367 3516 tempore

217 3539 354 3605 patefactis
373 3545 456 3590 terrae
474 3539 596 3592 faucibus
616 3558 648 3591 ex
662 3541 716 3591 illis
736 3539 835 3592 abditis
855 3538 962 3590 sedibus
982 3541 1092 3590 evadere
1104 3540 1131 3590 in
1145 3540 1210 3592 baec
1222 3542 1288 3603 loea',
1307 3549 1366 3604 quae

217 3641 265 3678 nes
284 3627 434 3690 incolimus,
454 3631 533 3691 atque
551 3629 623 3678 exire
641 3627 798 3693 potuissent,
817 3643 877 3679 oum
896 3633 1001 3694 repente
1019 3631 1114 3679 terram
1127 3634 1153 3678 et
1165 3630 1249 3680 maria
1261 3625 1365 3680 caelum·

216 3729 267 3780 que
284 3714 422 3776 vidissent,
441 3713 553 3765 nubium
572 3716 780 3782 magnitudinem
798 3721 989 3781 ventorumque
1002 3718 1058 3766 vim
1076 3717 1266 3784 cognovissent
1283 3713 1364 3778 adspe-

216 3802 370 3868 xissentque
390 3802 480 3867 solem,
501 3803 610 3868 eiusque
623 3819 682 3853 curn
695 3803 903 3872 magnitudinem
916 3802 1200 3870 pulchritudinemque,
1220 3815 1275 3856 turn
1294 3803 1364 3854 stiam

216 3891 383 3942 efficientiam
408 3892 609 3957 cognovissent,
639 3891 708 3956 quod
732 3893 754 3942 is
778 3891 846 3942 diem
874 3891 987 3942 efficeret
1012 3899 1066 3944 toto
1090 3891 1162 3944 eaelo
1186 3892 1246 3942 luce
1268 3890 1363 3948 diffusa,

216 3995 276 4030 cum
295 3986 381 4029 autam
401 3985 482 4029 terras
500 3995 555 4030 nox
573 3983 718 4045 opacasset,
738 3986 794 4030 tum
814 3977 915 4030 caelum
933 3983 1018 4030 totum
1031 3986 1165 4032 cernerent
1183 3980 1262 4031 astris
1280 3975 1364 4028 distin·

215 4073 287 4117 ctum
306 4073 331 4117 et
350 4075 484 4129 ornatum,
503 4065 634 4132 lunaeque
652 4067 783 4118 luminum
801 4067 954 4117 varietatem
973 4074 1028 4119 tum
1047 4047 1205 4130 crescentis,
1225 4073 1280 4118 tum
1298 4077 1363 4116 seue-

216 4155 313 4206 soentia
337 4168 478 4219 eorumque
502 4157 618 4206 omnium
643 4163 716 4206 ortus
739 4163 765 4205 et
787 4169 896 4206 cccmus
923 4161 948 4205 et
973 4157 1001 4206 in
1031 4155 1103 4206 omni
1125 4157 1278 4208 aeternitate
1300 4157 1362 4203 ratos

216 4240 446 4306 immutabilesque
470 4255 563 4294 cursus
586 4257 645 4293 cum
670 4243 802 4294 viderent:
825 4243 940 4310 profecto
965 4251 990 4294 et
1014 4259 1070 4295 esse
1093 4244 1154 4295 deos
1173 4250 1199 4294 et
1217 4243 1281 4296 haec
1298 4243 1363 4292 tanc

175 4351 180 4362 ι
216 4345 294 4396 opera
313 4329 419 4380 deorum
437 4345 494 4380 esse
512 4329 709 4384 arbitrarentur.

291 4417 307 4479 ¹)
327 4419 370 4480 A,
391 4421 413 4466 ι.
436 4420 502 4468 rora
516 4417 533 4470 b
549 4422 643 4485 rasqq.

288 4501 307 4570 ¹)
325 4499 423 4557 τούτου
442 4507 595 4574 genetivum
613 4507 751 4561 delendum
770 4522 829 4559 esse
848 4505 1013 4561 arbitramur.
1044 4505 1104 4558 Vid.
1123 4521 1227 4560 excurs.
1245 4505 1288 4558 IV.
