2870 5076
654 363 886 438 2-40-

288 532 356 600 sed
386 534 505 600 bonum
541 532 627 622 quod
662 531 806 619 undique
839 531 1022 601 absolutum
1051 539 1083 597 et
1111 529 1292 618 perlectum
1321 525 1358 592 sit

203 646 324 714 habere
347 645 379 708 in
404 666 439 708 se
463 643 559 709 debet
581 643 614 710 id
638 643 725 732 quod
748 643 824 708 satis
848 652 908 708 est.
948 642 1083 708 Minime
1105 627 1185 708 vero
1208 636 1359 706 sufficien-

202 756 280 822 tiam
304 753 419 820 adesse
440 764 603 842 putamus,
627 755 653 820 si
677 754 748 842 quis
771 752 858 820 solus
880 755 978 824 uitam
1002 751 1179 820 solitariam
1197 759 1285 840 agat,
1308 749 1358 816 sed

205 891 277 934 cum
305 865 493 953 parentibus
526 887 564 930 ao
594 862 703 930 liberis
736 873 767 928 et
796 863 934 950 coniuge
968 872 1066 952 atque
1096 885 1168 930 cum
1198 860 1307 930 amicis
1333 869 1362 924 et

206 976 329 1044 civibus
352 975 450 1061 degat
471 995 605 1041 necesse
628 983 678 1042 est
689 972 722 1060 ¹).
756 974 923 1061 Appetunt
939 973 1024 1040 enim
1042 971 1189 1040 homines
1212 969 1362 1038 sufficien-

205 1087 294 1168 tiam,
318 1083 470 1173 quoniam
493 1083 565 1151 finis
589 1093 638 1150 est
660 1092 693 1149 et
715 1083 870 1170 optimum
880 1082 915 1171 ¹),
943 1093 1040 1172 atque
1068 1083 1110 1148 ob
1134 1101 1206 1150 eam
1229 1103 1362 1161 causum,

206 1219 279 1264 cum
310 1194 370 1260 soli
398 1215 456 1281 per
488 1217 521 1260 se
552 1193 699 1260 viventes
722 1217 761 1260 ca
783 1193 831 1262 uti
853 1203 1030 1283 nequeant,
1061 1190 1146 1260 inter
1174 1217 1210 1260 se
1241 1191 1363 1259 coniun-

205 1315 326 1396 guntur
349 1313 382 1370 et
404 1306 641 1372 consociantur.
674 1306 727 1372 Ex
744 1305 893 1372 omnibus
909 1328 986 1372 vero
1003 1303 1212 1371 societatibus
1228 1302 1364 1370 maxime

208 1425 282 1484 sunt
304 1413 482 1483 secundum
504 1424 654 1481 naturam
678 1414 816 1504 ideoque
839 1415 979 1482 maxime
1002 1415 1213 1484 inhonorum
1235 1433 1363 1482 numero

206 1525 375 1593 habendae
408 1523 530 1590 familia
559 1549 662 1614 pagus
692 1526 821 1608 ciuitas,
854 1549 989 1613 quarum
1024 1525 1136 1593 civitas
1165 1535 1216 1592 est
1245 1543 1364 1593 summa

209 1648 307 1727 atque
330 1636 507 1724 potissima,
532 1660 606 1704 cum
627 1637 772 1726 reliquas
796 1637 1030 1725 complectatur
1052 1659 1164 1704 omnes
1188 1645 1288 1724 atque
1309 1656 1365 1698 om·

205 1745 282 1816 nem
306 1769 407 1836 prope
430 1749 594 1814 contineat
616 1747 842 1816 sufficientiam
854 1746 888 1834 ³).
929 1748 985 1815 Sic
1007 1747 1189 1814 hominibus
1213 1765 1364 1820 summum

209 1861 330 1926 bonum
355 1867 403 1923 est
427 1857 539 1924 civitas
567 1858 600 1924 in
629 1871 732 1948 eaque
763 1857 892 1925 demum
922 1868 1056 1927 naturae
1083 1857 1317 1947 perfectionem
1338 1861 1366 1917 et

210 1968 444 2037 absolutionem
468 1977 603 2057 possunt
625 1968 768 2055 adipisci.

297 2079 455 2161 Quamvis
486 2087 594 2146 autem
626 2077 762 2162 homiui,
792 2089 950 2168 quatenus
979 2088 1028 2146 est
1050 2079 1162 2162 homo,
1195 2077 1309 2144 civitas
1330 2073 1366 2140 sit

209 2213 334 2259 summa.
356 2215 394 2255 ae
417 2189 584 2279 potissima
607 2189 759 2272 societas,
787 2193 895 2256 tam'en
926 2189 990 2254 alia
1013 2198 1062 2256 est
1083 2189 1138 2256 illo
1160 2189 1262 2256 multo
1285 2207 1366 2274 prae·

210 2301 347 2370 stantior
370 2324 407 2367 ac
430 2298 586 2388 superior.
626 2297 773 2366 Societas
790 2302 875 2368 enim
898 2325 981 2390 quae
1005 2299 1113 2368 omnia
1135 2299 1267 2366 omnino
1291 2316 1365 2386 quse

212 2423 341 2482 exstant
363 2411 589 2500 complectitur
612 2419 709 2498 atque
732 2412 909 2500 perfectam
926 2411 1070 2480 continet
1092 2409 1318 2480 sufficientiam
1339 2415 1365 2470 et

212 2549 370 2593 summurn
395 2524 525 2607 bonum,
550 2522 630 2586 haee
653 2542 762 2588 rerum
793 2525 986 2590 universitas
1010 2531 1068 2588 est.
1115 2519 1182 2588 Sed
1206 2520 1365 2587 audiamus

212 2637 251 2702 de
276 2660 314 2702 ea
337 2645 434 2724 utque
458 2634 497 2700 de
520 2633 604 2700 bono
629 2633 714 2721 quod
737 2633 771 2699 in
794 2657 832 2700 ca
855 2633 930 2700 insit
952 2613 1177 2724 philosophum
1200 2632 1316 2722 ipsum.
1370 2651 1372 2658 ·

296 2748 373 2812 Met.
397 2752 451 2828 A,
477 2745 526 2812 10.
550 2742 594 2809 in.
619 2742 810 2810 Aristoteles
834 2743 977 2833 quaerit,
1003 2767 1066 2833 qua
1089 2744 1214 2812 ratione
1236 2739 1366 2810 mundus

211 2857 287 2925 boni
315 2857 356 2923 sit
386 2855 559 2945 particeps.
606 2853 967 2941 „Considerandum
998 2860 1102 2941 est,“·
1123 2856 1243 2945 inquit,
1276 2873 1364 2941 „quo

149 2975 154 2985 ‘
212 2968 486 3064 moderarum
508 2973 656 3031 natura
683 2964 831 3030 habeat
859 2965 1000 3032 bonum
1024 2975 1146 3055 atque
1169 2965 1365 3058 optimum,

212 3090 402 3146 utrumne
431 3077 490 3144 ita
518 3085 558 3144 ut
586 3075 813 3142 seiunctum
837 3075 933 3168 quid
966 3077 1018 3142 sit
1040 3087 1081 3143 et
1103 3077 1212 3166 quod
1237 3080 1365 3144 exstet

287 3365 305 3432 ¹)
325 3367 355 3417 L.
373 3365 392 3420 l.
410 3367 433 3430 1,
452 3367 477 3418 5.
499 3363 640 3417 matha:
664 3357 695 3414 τὸ
720 3357 747 3413 δ’
769 3353 902 3432 αὔταρκες
924 3364 1042 3432 λέγομεν
1066 3359 1116 3415 οὐκ
1142 3359 1215 3432 αὐτῷ
1238 3359 1314 3434 μόνῳ
1334 3358 1367 3424 τῷ

214 3455 292 3516 ζῶντι
311 3455 372 3519 βίον
391 3450 529 3522 μονώτην,
553 3447 623 3503 ἀλλὰ
646 3452 694 3502 καλ
716 3449 829 3520 γονεῦσι
853 3451 901 3500 καὶ
922 3451 1027 3508 ιίκνοις
1045 3452 1094 3502 καὶ
1110 3452 1225 3519 γυναικὶ
1242 3452 1288 3504 καλ
1305 3444 1367 3504 ὅλως

213 3546 270 3600 τοῖς
289 3544 382 3610 φίλοις
400 3540 447 3592 καὶ
466 3541 600 3606 πολίταις,
619 3535 713 3604 ἐπειδὴ
732 3533 815 3608 φύσει
835 3534 976 3595 πολιτικὸς
993 3529 1152 3610 άνθρωιιος.

286 3629 305 3694 ²)
324 3629 401 3680 Polit.
421 3629 443 3693 I,
464 3633 488 3678 2.
509 3631 576 3678 1252
589 3627 606 3680 b
621 3631 667 3678 34:
687 3624 775 3679 ἔτιτὸ
796 3614 827 3679 οὗ
847 3625 928 3680 ἕνεκα
947 3627 994 3678 καὶ
1009 3623 1037 3679 τὸ
1056 3629 1131 3686 τέλος
1147 3628 1295 3693 βέλτιστον·
1314 3613 1364 3688 ἡδ’

214 3714 364 3786 αὐτάρκεια
382 3717 460 3772 τέλος
477 3716 524 3766 καὶ
542 3716 691 3780 βέλτιστον.

287 3807 307 3871 ³)
327 3806 357 3856 1..
376 3806 393 3857 l.
413 3805 434 3868 I,
457 3808 479 3854 1.
498 3805 547 3858 in:
565 3799 676 3870 Ἐπειδὴ
695 3803 789 3858 πᾶσαν
808 3798 890 3856 πόλιν
910 3798 1019 3873 ὁρῶμεν
1039 3805 1189 3856 κοινωνίαν
1211 3796 1271 3854 τινὰ
1288 3789 1367 3850 οὖσαν

215 3895 262 3946 καὶ
282 3894 375 3945 πᾶσαν
394 3895 543 3945 κοινωνίαν
563 3887 674 3959 ἀγαθοῦ
692 3890 765 3951 τινος
783 3891 875 3946 ἕνεκεν
894 3893 1092 3954 συνεστηκυῖαν
1112 3889 1171 3957 (τοῦ
1183 3885 1237 3962 γάρ
1249 3886 1316 3942 ιλναι
1329 3881 1367 3934 δν·

214 3982 330 4038 κοῦντος
349 3972 460 4050 ἀγαθοῦ
475 3975 560 4049 χάριν
580 3975 670 4031 πάντα
690 3976 842 4050 πράττουσι
856 3975 975 4044 πάντες),
994 3976 1080 4044 δῆλον
1093 3974 1129 4036 ὡς
1142 3978 1230 4030 πιάσαι
1240 3974 1293 4049 μὲν
1306 3969 1367 4040 άγσ·
1419 4013 1420 4052 r

214 4071 269 4122 θοῦ
287 4067 360 4126 τινὸς
378 4063 564 4135 στοχάζονται,
583 4063 703 4138 μάλιστα
724 4068 767 4134 δέ,
786 4071 833 4121 καὶ
852 4068 899 4122 τοῦ
918 4059 1086 4136 κυριωτάτου
1106 4061 1228 4131 πάντων,
1246 4061 1262 4133 ἡ
1279 4059 1367 4116 πασῶν
1419 4068 1420 4150 χ

215 4151 366 4226 κυριωτάτη
390 4157 436 4208 καὶ
460 4151 552 4214 ττάσας
577 4158 744 4224 περιέχουσα
764 4154 811 4216 τὰς
830 4150 922 4214 άλλας.
947 4149 1014 4220 αὕτη
1038 4151 1065 4205 rl’
1087 4155 1160 4208 ἐστὶν
1186 4152 1202 4222 ἡ
1222 4149 1366 4222 καλουμένλ
1419 4199 1420 4219 ,

215 4242 295 4302 πόλις
312 4245 359 4296 καὶ
377 4239 393 4310 ἡ
413 4247 543 4298 κοινωνία
563 4240 699 4311 πολιτική.
728 4247 749 4310 Ι,
770 4250 793 4297 2.
815 4243 972 4296 meabat:
992 4264 1008 4310 η
1027 4239 1056 4296 δ’
1073 4243 1102 4294 ἔκ
1122 4237 1259 4297 πλειόνων
1275 4233 1367 4308 κωμῶν
1419 4293 1420 4313 χ

216 4336 348 4386 κοινωνία
370 4335 470 4390 τέλειος
486 4327 574 4398 πόλις,
592 4329 608 4399 ἡ
629 4330 662 4399 δὴ
682 4329 771 4400 πάσης
791 4331 894 4400 ἔχουσα
913 4332 1062 4403 τιέραςιῆς
1080 4324 1367 4402 «reresurrectio
1419 4333 1420 4336 ’

216 4422 314 4487 εἰπεῖν,
332 4422 465 4491 γινομένη
483 4421 537 4491 μὲν
557 4413 676 4478 οὖντοῦ
696 4422 743 4490 ζῆν
763 4419 865 4488 ἕνεκεν,
885 4413 954 4475 οὖσα
975 4417 1006 4474 δὲ
1024 4420 1073 4472 τοῦ
1092 4412 1121 4472 εὖ
1141 4419 1196 4486 ζῆν.
1419 4405 1420 4416 ’
