2870 5076
639 416 906 485 ·-τι-

221 605 338 684 potest.
384 586 453 662 Iam
476 595 539 661 duo
562 592 696 681 cogitari
718 603 863 682 possunt.
908 591 946 658 Id
970 592 1054 658 euim
1078 615 1142 681 quo
1164 589 1308 658 notiones
1327 590 1363 656 in·

221 706 360 793 tellegit,
384 707 415 770 h.
432 727 461 770 e.
483 705 731 785 intellectivum,
754 703 794 768 ab
818 725 855 768 eo
878 725 942 790 quo
965 702 1104 790 percipit
1124 724 1178 768 res
1201 711 1363 782 concretas,

222 817 252 880 h.
269 838 297 881 e.
320 839 338 880 a
360 815 530 898 sensitivo,
561 826 617 880 aut
645 814 824 882 substantia
851 823 907 878 aut
928 823 1054 879 tantum
1076 813 1171 878 modo
1197 823 1228 878 et
1249 813 1362 877 notione

223 926 340 992 differt.
386 926 469 993 Cum
492 947 569 990 vero
592 926 739 991 notiones
762 922 938 990 amatoria
967 922 1130 988 seiunctae
1153 922 1231 1005 sint,
1259 922 1363 1010 idque

223 1060 278 1100 eas
298 1035 598 1125 comprehendimus
615 1045 647 1102 et
661 1037 765 1124 ipsum
784 1033 919 1100 matoria
935 1043 1042 1099 careat
1057 1055 1190 1100 necesse
1206 1044 1262 1100 est.
1286 1034 1363 1119 Ergo

220 1145 450 1212 intellectivam
473 1147 625 1212 materiae
647 1167 779 1233 prorsus
798 1144 942 1210 immune
970 1154 1017 1208 est
1040 1151 1137 1229 atque
1158 1143 1331 1210 substantia
1349 1167 1364 1208 a

221 1257 374 1322 sensitivo
407 1255 528 1338 differt,
555 1267 592 1323 ut
621 1255 708 1344 qnod
736 1279 807 1320 cum
835 1253 971 1320 materia
998 1253 1039 1317 sit
1061 1252 1277 1320 coniunctum.
1319 1253 1365 1320 Sic

222 1366 262 1430 ab
286 1366 485 1432 obiectorum
509 1376 625 1432 natura
648 1387 783 1430 exorsus
800 1365 992 1430 Aristoteles
1007 1363 1224 1428 subiectorum
1239 1363 1364 1430 indolem

221 1475 418 1541 constituere
448 1476 566 1542 studet.
612 1477 672 1546 oui
699 1475 815 1542 rationi
845 1497 976 1564 prorsus
999 1473 1162 1540 contraria
1184 1483 1234 1539 est
1257 1495 1293 1539 ea
1312 1497 1365 1560 qua

220 1585 314 1652 Plato
335 1586 436 1652 utitur
459 1585 543 1652 Tim.
567 1610 600 1674 p.
615 1587 708 1652 511).
724 1585 758 1672 ¹).

305 1696 493 1763 Intellectus
525 1707 649 1778 autem,
678 1696 705 1761 si
727 1694 931 1762 Aristotelem
954 1694 1128 1783 sequimur,
1157 1717 1223 1762 non
1253 1705 1363 1762 tantum
1424 1745 1425 1754 ι

220 1806 383 1892 cogitandi
407 1817 440 1871 et
462 1806 672 1894 intellegendi
694 1807 831 1872 facultas
863 1815 926 1888 est,
957 1827 1070 1872 verum
1099 1807 1197 1872 etiam
1226 1804 1364 1891 intellegi·
1424 1803 1425 1868 ζ

220 1917 308 2002 bilis3
332 1927 382 1984 est
403 1918 487 1984 enim
509 1916 655 1982 notiones
678 1917 779 2004 ipsae.
813 1920 967 1982 Attamen
988 1916 1118 1982 innatae
1134 1939 1192 1982 eae
1208 1939 1271 1982 non
1293 1923 1363 1995 sunt,

140 2103 143 2108 ¹
218 2027 265 2093 ita
287 2038 322 2093 ut
345 2029 447 2093 omnis
476 2027 628 2114 cogitatio
656 2028 701 2092 nil
730 2027 772 2093 sit
794 2027 855 2094 nisi
877 2026 1058 2093 recordatio
1069 2025 1105 2112 ¹),
1135 2026 1193 2091 sed
1220 2027 1260 2094 ab
1286 2025 1363 2091 initio

219 2162 323 2226 capax
344 2148 470 2204 tantum
494 2148 542 2202 est
561 2138 726 2203 notionum
742 2138 810 2202 sive
825 2139 998 2203 formarum
1014 2137 1281 2225 recipiendarum,
1302 2144 1363 2200 actu

219 2261 328 2316 autem
351 2260 386 2315 ut
405 2249 553 2315 notiones
576 2247 684 2330 insint,
708 2248 777 2336 ipse
801 2257 952 2335 operetur
974 2269 1106 2314 neeesse
1123 2247 1216 2334 σεῖ’).
1252 2246 1363 2314 Primus

220 2361 350 2449 quidem
374 2359 555 2426 intellectus
577 2367 679 2424 status
710 2369 774 2440 est,
804 2369 840 2424 ut
867 2382 955 2424 mera
984 2359 1025 2425 sit
1048 2358 1211 2446 cogitandi
1232 2357 1364 2436 facultas,

221 2472 320 2536 utitur
343 2479 449 2536 autem
466 2470 498 2533 vi
520 2468 652 2558 propria
668 2476 701 2534 et
716 2469 823 2552 insita,
848 2493 911 2558 qua
932 2472 1080 2537 notiones
1102 2471 1285 2557 formasque
1306 2489 1364 2554 pro·

221 2643 328 2653 nnn-va·-
333 2643 419 2652 ..a—n-

295 2755 313 2820 ¹)
332 2755 369 2806 El
385 2753 439 2824 μὲν
457 2755 522 2812 νοῦς
544 2754 592 2805 καλ
614 2749 683 2812 δόξα
707 2751 811 2821 ἀληθὴς
834 2751 915 2809 ἐστόν
937 2751 987 2808 δύο
1006 2757 1087 2826 γένη,
1112 2749 1289 2808 παντάπασιν
1306 2751 1365 2805 ελνιι

219 2838 286 2894 καθ’
308 2838 378 2894 αὐτὰ
397 2843 498 2909 ταῦτα,
523 2839 679 2907 ἀναίσθητα
698 2837 749 2910 ὑφ’
770 2838 848 2912 ἡμῶν
867 2841 941 2908 εἴδη,
966 2838 1105 2912 νοούμενα
1128 2839 1232 2912 μόνον·
1251 2843 1275 2893 ελ
1292 2838 1318 2891 δ’
1336 2833 1364 2894 τός

219 2946 272 2984 τισι
291 2933 435 3001 φαίνεται,
461 2925 529 2988 δόξα
548 2925 652 2994 ἀληθὴς
670 2927 721 2981 νοῦ
740 2928 867 3001 διαφέρει
885 2927 915 2984 τό
934 2930 1032 3001 μηδέν,
1056 2911 1145 2982 τόανθ1
1167 2924 1259 2982 ὁπόσα
1276 2924 1310 2979 αὖ
1326 2921 1364 2977 διό

218 3020 267 3072 τοῦ
285 3015 413 3088 σώματος
425 3012 631 3085 αἰσθανόμεθα,
648 3018 745 3070 θετέον
757 3013 930 3084 βεβαιότατα.
950 3015 1000 3072 δύο
1014 3016 1048 3084 δὴ
1061 3021 1171 3072 λεκτέον
1185 3016 1289 3083 ἐκείνω,
1305 3010 1365 3068 διότι

215 3108 301 3176 χωρὶς
319 3102 472 3176 γεγόνατον
490 3098 630 3173 ἀνομοίως
650 3121 678 3156 τε
697 3103 799 3172 ἔχετον.
822 3102 852 3158 τό
875 3105 1002 3177 μὲνγὰρ
1021 3102 1111 3158 αὐτῶν
1130 3103 1175 3158 διδ
1195 3104 1319 3172 διδαχῆς,
1338 3097 1363 3153 τό

219 3192 248 3245 δ’
269 3189 324 3246 ὑπὸ
344 3193 459 3250 πειθοῦς
479 3188 547 3262 ἡμῖν
570 3189 739 3260 ἐγγίγνεται·
762 3195 810 3244 καλ
827 3190 857 3245 τό
876 3193 930 3264 μὲν
949 3189 991 3245 ἀεὶ
1008 3189 1077 3262 μετὰ
1094 3188 1217 3258 ἀληθοῦς
1235 3189 1323 3261 λόγου,
1339 3185 1364 3240 τό

219 3281 250 3334 δὲ
270 3275 390 3350 ἀλογον·
409 3282 456 3334 καλ
474 3277 504 3332 τὸ
522 3278 577 3350 μὲν
596 3277 727 3344 ἀκίνητον
746 3283 844 3332 πειθοῖ
849 3318 856 3343 ,
874 3278 904 3333 τό
925 3278 956 3333 δὲ
975 3276 1173 3345 μεταπειστόν’
1193 3284 1240 3333 καὶ
1257 3276 1364 3349 τοῦμὲν

217 3365 309 3423 πάντα
328 3361 418 3440 ἀνδρα
435 3370 559 3439 μετέχειν
578 3368 692 3436 φατέον,
711 3368 763 3420 νοῦ
780 3366 812 3418 δὲ
825 3364 915 3434 θεοὺς,
935 3365 1094 3438 ἀνθρώπων
1107 3365 1139 3420 δὲ
1150 3370 1231 3436 γένος
1242 3363 1325 3438 βραχῦ
1336 3383 1363 3417 τι.
1423 3377 1424 3380 ’

216 3454 321 3510 τούτων
340 3456 372 3510 δὲ
391 3453 478 3515 οὕτως
502 3453 622 3524 ἐχόντων
646 3451 832 3524 ὁμολογητέον
854 3453 885 3508 ἓν
902 3455 956 3526 μὲν
982 3451 1100 3511 εἶναιτὸ
1119 3453 1189 3508 κατά
1208 3451 1365 3523 ταῦτάἔχον
1423 3455 1424 3514 l

217 3541 297 3607 ελδος,
315 3539 467 3612 ἀγέννητον
485 3545 533 3595 καλ
550 3539 720 3614 ἀνώλεθρον,
740 3534 803 3596 odra
816 3546 853 3602 ελς
866 3539 947 3594 ἑαυτό
968 3539 1166 3612 ελσδεχόμενον
1178 3539 1245 3597 ἀλλο
1259 3539 1365 3596 ἄλλοθεν

218 3623 279 3684 οὔτε
299 3627 365 3685 αὐτό
385 3635 423 3690 εἰς
440 3625 507 3684 ἀλλο
525 3649 574 3682 ποι
587 3627 639 3696 λόν,
660 3626 780 3698 ἀόρατον
799 3629 830 3682 δὲ
843 3631 891 3681 καλ
904 3621 992 3687 ἀλλοις
1010 3625 1191 3697 ἀναίσθητον,
1210 3633 1288 3686 τοῦτο
1306 3626 1321 3683 δ
1337 3623 1364 3694 δὴ

217 3714 310 3784 νόησις
334 3721 439 3788 εἴληχεν
464 3717 635 3772 ἐπισκοπεῖν·
660 3715 689 3771 τό
715 3716 744 3770 δ’
769 3713 922 3789 ὁμώνυμον
946 3712 1046 3787 ὅμοιόν
1071 3735 1098 3772 τε
1121 3722 1215 3788 ἐκείνῳ
1239 3715 1365 3788 δεύτερον,

217 3802 367 3874 αἰσθητόν,
391 3801 538 3877 γεννητόν,
562 3808 761 3878 πεφορημένον
785 3801 845 3870 ἀεί,
867 3800 1037 3875 γιγνόμενόν
1059 3823 1087 3858 τε
1114 3805 1144 3860 ἔν
1168 3824 1221 3861 τινι
1238 3805 1311 3875 τόπῳ
1326 3805 1366 3857 καλ

218 3892 302 3950 πόλιν
321 3896 427 3949 ἐκεῖθεν
447 3888 650 3964 ἀπολλύμενον,
670 3891 735 3966 cosp
754 3890 815 3966 μετ’
836 3889 992 3960 αἰσθήσεως
1011 3893 1186 3964 περιληπτόν.

292 4011 313 4075 ¹)
332 4012 373 4062 De
396 4011 478 4062 anim.
497 4009 554 4070 ΙΙΙ,
581 4014 604 4062 5.
628 4011 766 4060 430s23:
795 4001 827 4058 οῦ
848 3999 1062 4076 μνημονεύομεν
1085 4004 1131 4070 δέ,
1157 4004 1199 4060 ότι
1222 4011 1299 4063 τοῦτο
1320 4003 1365 4078 μὲν

218 4093 336 4162 ἀπαθές,
355 4091 370 4151 ό
390 4094 422 4148 δὲ
441 4091 595 4160 παθητικὰς
613 4094 679 4152 νοῦς
697 4089 832 4162 φθαρτός,
850 4095 896 4144 καὶ
914 4084 978 4146 ἀνευ
997 4089 1095 4147 τοῦτον
1115 4089 1201 4150 οὐθὲν
1218 4101 1283 4150 νοεῖ.

291 4199 310 4266 ³)
333 4203 365 4254 L.
385 4202 402 4252 l.
422 4201 470 4264 Ill,
491 4206 515 4252 4.
535 4202 586 4252 429
599 4215 616 4250 a
630 4204 676 4250 27:
695 4201 742 4250 καὶ
755 4193 784 4252 εὖ
799 4195 832 4264 δὴ
846 4199 872 4250 ot
889 4201 1014 4266 λέγοντες
1030 4197 1080 4266 τὴν
1098 4197 1192 4269 ψυχὴν
1204 4200 1274 4256 ελναι
1290 4195 1366 4253 τόπον

221 4288 311 4354 ελδιῦν,
336 4287 407 4354 πλὴν
425 4284 467 4340 ὅτι
491 4281 552 4340 οὔτε
575 4283 624 4351 δλη
646 4281 712 4337 ἀλλ’
731 4281 747 4351 ἡ
765 4282 886 4353 νοητική,
912 4281 973 4340 οὔτε
996 4287 1148 4356 ἐντελεχείᾳ
1171 4284 1242 4342 ἀλλὰ
1261 4284 1366 4357 δυνάμει

219 4375 252 4431 rol
271 4375 340 4440 alda.
367 4381 391 4430 4.
411 4379 462 4428 las
475 4392 492 4427 a
505 4379 549 4426 22:
569 4370 584 4426 ό
604 4371 659 4443 α”ρα
677 4370 847 4446 καλούμενος
867 4375 911 4441 τῆς
929 4375 1019 4444 ψυχῆς
1031 4377 1096 4434 νοῦς
1109 4373 1194 4432 οὐθέν
1212 4377 1286 4432 ἔστιν
1302 4376 1366 4444 ἐνερ-

149 4509 158 4516 .
217 4468 278 4538 γείη
297 4464 351 4518 τῶν
370 4456 458 4516 όντων
478 4464 543 4533 πρὶν
562 4465 647 4518 νοεῖν.
