2934 5076
800 449 840 511 88

305 635 339 678 11
360 613 408 678 1111
428 613 490 679 loci
520 615 697 681 concinant.
750 618 793 681 At
824 637 997 702 numquam
1024 617 1107 682 effici
1136 623 1260 703 potest,
1294 624 1330 684 ut

305 739 387 800 quae
410 717 568 801 aliquare
591 724 666 784 sunt
680 718 817 801 diversa,
840 743 974 804 prorsus
992 721 1057 786 sint
1079 721 1173 786 idem.
1222 721 1328 800 Quare

305 843 370 887 non
391 827 512 887 temere
534 822 669 904 dixerit,
697 824 725 888 si
747 826 818 908 quis
840 826 926 890 viros
949 825 1078 906 doctos,
1112 827 1167 910 qni
1195 825 1236 891 de
1259 827 1330 890 Ari-

306 924 435 990 stotelio
468 946 557 991 more
583 927 789 1011 scripserint,
832 929 959 994 omnino
998 949 1039 995 ne
1075 929 1330 996 animadvertere

307 1030 435 1112 quidem
463 1028 601 1096 voluisse
627 1032 845 1115 contenderit,
878 1032 955 1117 qnid
983 1034 1019 1097 in
1050 1031 1112 1098 hac
1142 1036 1330 1119 quaestione
1441 1091 1442 1112 ,

307 1135 402 1218 longe
424 1134 595 1198 maximam
619 1135 863 1219 explicationem
883 1136 1054 1202 desideret.

372 1237 476 1315 Quum
498 1239 598 1323 igitur
620 1241 661 1305 de
681 1239 743 1306 hac
768 1263 804 1308 re
833 1242 904 1327 ipse
939 1242 1083 1308 dicturus
1110 1242 1183 1321 sim,
1219 1240 1331 1305 statim
1441 1301 1442 1318 ,

307 1344 456 1408 alimine
479 1363 551 1409 eam
579 1346 665 1410 viam
693 1346 873 1430 ingrediar,
912 1367 976 1430 qua
1009 1366 1073 1411 non
1105 1345 1203 1410 aliam
1232 1344 1331 1409 ullam
1441 1339 1442 1384 ἕ

306 1449 476 1514 rectiorem
497 1469 568 1514 esse
590 1451 795 1517 concesseris.
839 1451 922 1516 Nam
944 1451 1100 1535 optimum
1129 1469 1199 1515 esse
1223 1449 1330 1514 existi·
1441 1475 1442 1504 r

307 1553 401 1632 mari,
425 1552 603 1637 pauliulum
621 1552 760 1619 dimissis
773 1553 910 1620 aliorum
925 1553 1102 1633 sententiis
1126 1553 1330 1637 investigare,
1441 1599 1442 1642 3

307 1653 482 1740 numquid
505 1655 708 1740 Ciceroipse
736 1657 771 1723 in
804 1658 932 1743 scriptis
959 1659 1026 1725 suis
1059 1659 1099 1724 de
1124 1659 1186 1724 1111
1208 1659 1331 1724 Aristo-

305 1760 383 1826 telio
405 1782 494 1827 more
515 1761 752 1846 significaverit.
796 1761 840 1828 Et
873 1769 964 1846 1111,
1000 1768 1155 1848 quantum
1183 1761 1331 1847 equidem
1441 1789 1442 1842 3

307 1865 421 1944 sciam,
444 1869 512 1930 tres
534 1864 616 1945 loci‚·
629 1865 663 1929 in
685 1865 802 1948 quibus
826 1869 894 1952 ejus
916 1869 1014 1934 moris
1029 1867 1225 1932 mentionem
1242 1866 1329 1932 facit.

308 1968 472 2052 Legimus,
506 1973 544 2033 ut
574 1988 663 2032 more
691 1968 920 2036 historicorum
952 1970 994 2037 ab
1021 1971 1076 2052 iis,
1111 1990 1195 2053 qnae
1220 1970 1331 2054 priora

308 2076 399 2152 sunt,
427 2071 555 2136 initium
576 2071 744 2153 faciamus,
766 2073 801 2137 in
821 2073 912 2138 libris
935 2074 975 2140 de
998 2075 1135 2140 Oratore
1152 2075 1225 2160 ¹⁹⁷):
1256 2073 1332 2139 »Sin
1441 2095 1442 2166 5

308 2172 424 2258 aliquis
458 2175 620 2240 exstiterit
652 2176 840 2259 aliquando,
876 2177 931 2262 qni
961 2181 1140 2244 Aristotelio
1173 2201 1259 2244 mure
1292 2178 1331 2244 de
1441 2187 1442 2264 ἦ

225 2340 227 2344 .
309 2279 461 2345 omnibus
477 2279 576 2345 rebus
597 2281 630 2345 in
650 2286 822 2365 utramque
844 2288 970 2366 partem
992 2285 1097 2368 possit
1121 2285 1228 2351 dicere
1244 2291 1277 2351 et
1298 2285 1331 2350 in

308 2384 394 2448 omni
416 2403 514 2448 causa
534 2383 615 2449 duas
635 2387 814 2450 contrarias
836 2387 1012 2469 orationes,
1036 2391 1221 2473 praeceptis
1242 2390 1329 2456 illius
1441 2421 1442 2426 ¹

309 2486 444 2570 cognitis
467 2485 626 2569 explicare
648 2492 705 2552 aut
726 2487 787 2552 hoc
804 2489 967 2556 Arcesilae
990 2493 1084 2559 modo
1107 2499 1140 2559 11
1155 2492 1330 2560 Carneadis
1441 2555 1442 2562 ,

310 2597 422 2656 contra
447 2593 556 2672 omne,
591 2590 678 2674 quod
703 2593 906 2676 propositum
938 2594 994 2677 sit,
1027 2597 1178 2680 disserat3
1212 2599 1330 2683 quique
1441 2631 1442 2648 1

309 2696 351 2760 ad
382 2716 452 2760 eam
482 2695 641 2760 rationem
673 2695 827 2781 adjungat
856 2698 941 2764 hunc
974 2699 1203 2788 [rhetoricum]
1238 2723 1330 2768 usum

311 2799 529 2886 [moremque]
551 2799 875 2886 exercitationemque
898 2801 1036 2884 dicendi,
1060 2805 1088 2871 11
1111 2805 1154 2870 111
1173 2826 1279 2886 verns,
1303 2804 1330 2869 is

309 2905 484 2989 perfectus,
506 2905 534 2969 is
556 2903 643 2968 solus
664 2910 805 2969 orator«.

374 3009 435 3073 Hic
460 3008 565 3089 locus,
596 3007 680 3072 unde
709 3013 875 3092 tamquam
898 3029 919 3074 a
941 3009 1008 3077 sole
1030 3011 1170 3094 quodam
1192 3013 1277 3078 radii
1298 3013 1331 3077 in

311 3135 420 3180 omnes
442 3120 554 3199 partes
584 3117 702 3178 exeunt
731 3120 764 3180 et
793 3114 977 3198 longissime
1006 3114 1109 3179 lucem
1139 3115 1330 3195 diffundunt,

310 3240 467 3304 quemque
497 3238 535 3284 1ο
569 3217 748 3284 mirabilius
781 3224 832 3283 est
863 3239 884 3282 a
910 3218 986 3284 viris
1015 3218 1118 3283 doctis
1147 3225 1329 3303 respectum

310 3346 374 3389 non
397 3343 475 3402 esse,
500 3343 563 3405 quo
586 3321 687 3405 magis
709 3323 801 3387 inre
824 3321 880 3386 diu
899 3325 967 3406 jam
988 3322 1113 3404 agitata
1135 3323 1330 3388 sudaverunt

310 3435 343 3495 et
365 3449 496 3511 operam
517 3432 775 3506 consumserunt,
807 3427 842 3491 in
869 3432 941 3492 tota
969 3425 1030 3491 hao
1058 3428 1245 3509 quaestione
1268 3423 1328 3491 sol-

309 3533 412 3599 venda
427 3533 467 3597 de
483 3531 670 3596 Aristotelio
691 3553 780 3596 more
803 3538 968 3615 tamquam
991 3532 1056 3596 dux
1078 3538 1185 3597 certus
1210 3537 1242 3597 11
1264 3549 1328 3607 ma·

310 3639 410 3724 gister
432 3634 625 3720 spectandus
648 3640 706 3700 cst.
751 3634 855 3702 Docet
876 3637 961 3701 enirn
982 3636 1099 3718 magiS,
1129 3634 1328 3719 quam‘alius

309 3744 488 3827 quisquam,
512 3761 595 3824 quae
608 3740 791 3808 Aristotelii
812 3741 911 3806 moris
933 3740 1020 3824 apud
1037 3739 1223 3806 Ciceronem
1245 3738 1328 3804 ratio

257 3855 261 3864 '
311 3849 362 3912 sit.
406 3846 509 3910 Docet
531 3863 595 3908 non
618 3842 730 3925 solum,
755 3845 833 3929 quid
852 3845 1042 3911 Aristoteles
1065 3844 1252 3911 disserendo
1274 3863 1328 3926 po·

311 3952 418 4026 tuerit,
442 3949 629 4028 sedetiam,
653 3948 732 4031 quid
753 3948 821 4014 iere
843 3950 969 4032 possint
992 3969 1123 4032 sperare
1145 3971 1180 4015 11
1203 3948 1328 4014 effectu·

382 4170 446 4239 ior)
465 4172 511 4231 m,
529 4169 578 4232 11,
598 4169 641 4221 11.
