2870 5076
515 415 726 482 -51..

132 583 185 654 Sic
207 605 304 676 saepe
326 593 443 654 natura
464 583 637 675 impeditur
658 595 756 674 atque
778 605 829 650 res
846 583 930 650 male
945 589 1104 672 procreat,
1125 605 1199 648 cum

1 741 2 762 ι
61 693 176 762 obsistat
196 695 341 762 materia.
386 693 525 784 Semper
548 695 677 782 quidem
700 705 816 762 natura
845 694 941 760 finem
965 691 1026 758 sibi
1048 691 1199 781 proponit

60 815 140 892 atque
161 805 281 872 bonum
305 803 382 893 qnid
405 805 533 872 efficere
556 803 673 890 studet,
696 806 752 872 sed
773 825 870 893 saepe
886 826 924 870 eo
939 801 1060 870 excidit
1075 805 1199 891 pariter

59 925 204 1002 atquears
215 935 350 1004 eaquae
364 915 432 980 vult
443 935 684 1002 nonnumquam
700 915 828 1002 assequi
846 937 909 980 non
928 913 1016 994 valet¹
1024 915 1056 998 ¹).
1082 913 1200 994 Quam-

60 1045 139 1110 quam
157 1024 189 1090 in
206 1024 284 1092 artis
302 1025 453 1112 operibns
473 1047 570 1090 causa
589 1024 661 1092 tinia
680 1025 721 1090 ad
739 1025 888 1090 effectum
906 1047 968 1090 non
989 1023 1118 1089 adducti
1138 1023 1200 1088 sita

59 1155 115 1199 esse
130 1145 235 1223 potest
251 1145 284 1202 et
301 1136 333 1202 in
349 1115 481 1200 artificis
498 1134 625 1200 inscitia
643 1146 676 1200 et
694 1135 726 1201 in
745 1137 890 1216 materia,
918 1143 1031 1199 contra
1052 1133 1085 1200 in
1102 1134 1199 1198 rebus

60 1245 239 1311 naturalibus
270 1267 341 1312 eam
368 1245 512 1310 tribuere
545 1267 609 1310 non
634 1220 712 1310 iicet
739 1243 801 1310 nisi
833 1244 998 1309 materiae.
1044 1243 1200 1308 Videmus

59 1350 140 1438 igitur
155 1355 319 1422 Aristoteli
343 1377 472 1443 quoque
493 1353 661 1420 materiam
685 1352 794 1441 aliqua
810 1375 851 1418 ex
868 1363 960 1440 parte
982 1375 1053 1419 esse
1070 1373 1199 1418 caueam

59 1463 127 1530 maii.
170 1465 287 1556 Neque
314 1465 347 1530 id
375 1473 537 1551 repugnat
563 1463 602 1528 iis
631 1485 715 1551 quae
742 1487 840 1551 supra
868 1464 908 1530 de
936 1463 1091 1530 materiae
1114 1462 1200 1550 apud

59 1573 248 1642 Aristotelem
271 1587 388 1643 natura
411 1574 655 1664 disputavimus.
703 1573 751 1638 [bi
774 1575 859 1640 euim
883 1573 1110 1662 descripsimus
1138 1596 1203 1639 ma·

58 1683 155 1750 teriam
179 1686 371 1772 primariam,
396 1708 479 1776 quae
503 1707 636 1774 prorsus
659 1682 826 1749 indefinita
847 1693 913 1768 est;
936 1693 1048 1749 contra
1063 1705 1102 1748 ee
1117 1705 1202 1771 quae

59 1805 176 1860 naturae
198 1796 344 1884 operanti
368 1794 528 1884 suppetit,
558 1796 624 1861 iam
653 1793 857 1881 aliquatenus
881 1792 1013 1860 definite
1033 1802 1098 1876 est,
1127 1815 1203 1858 nam

58 1913 101 1968 sut
120 1927 175 1970 aer
196 1917 246 1972 est
268 1907 430 1994 actiguis
454 1918 511 1973 aut
533 1927 621 1994 aqua
643 1911 699 1973 aut
721 1913 818 1967 terra
863 1904 914 1968 Ea
936 1915 1042 1970 autem
1067 1906 1204 1971 materia

57 2015 137 2078 certis
159 2017 362 2103 qualitatibus
386 2028 419 2083 et
441 2041 501 2083 sua
525 2015 627 2082 utitur
649 2014 681 2080 vi
703 2035 765 2080 nec
794 2033 922 2102 semper
943 2025 1078 2082 naturae
1099 2038 1205 2104 protn-

57 2131 131 2207 ptam
153 2136 184 2192 et
204 2139 349 2215 paratam
373 2128 414 2193 ad
436 2125 642 2194 formandum
668 2147 707 2189 ae
730 2121 919 2210 fingendum
941 2149 976 2192 ee
998 2127 1144 2215 praebet.

129 2233 193 2300 Sed
214 2236 277 2304 iam
301 2237 555 2326 progrediamur,
579 2236 621 2302 ad
650 2234 815 2322 potentias
837 2235 1089 2304 considerandas
1112 2236 1206 2302 ratio

56 2341 141 2410 edes.
181 2346 256 2412 Hae
278 2347 409 2438 quidem
432 2348 563 2414 officere
586 2355 723 2434 possunt
746 2345 919 2412 contraria.
954 2347 1039 2414 Nam
1062 2348 1207 2437 pendent

57 2454 231 2540 escientia,
259 2481 343 2545 quac
372 2460 607 2524 contrariorum
638 2465 687 2520 eet
715 2454 874 2542 eadem').
919 2457 986 2522 Per
1015 2458 1204 2548 sequidem

55 2575 164 2649 specta
191 2567 231 2632 ad
260 2569 395 2636 formam
425 2580 524 2658 atque
555 2566 739 2646 notionem,
777 2577 891 2630 contre
916 2567 957 2632 ad
992 2568 1206 2656 privationem

56 2673 162 2742 formae
184 2680 366 2766 oppositam
390 2702 450 2766 per
473 2676 640 2752 accidens,
670 2676 747 2764 quia
777 2698 841 2742 uua
865 2699 938 2741 cum
961 2678 1101 2746 notionis
1124 2681 1214 2746 affin·

55 2785 180 2852 medone
202 2789 345 2854 eontinet
359 2791 579 2876 negationem.
620 2785 718 2852 Notio
735 2795 845 2850 eutem
866 2787 964 2853 estin
980 2789 1097 2873 anima,
1121 2813 1205 2879 quae

55 2895 142 2962 utitur
167 2897 325 2987 principio
352 2899 518 2981 motionis,
547 2896 699 2985 quocirca
730 2897 838 2962 anima
868 2897 909 2962 ab
938 2899 1051 2966 eadem
1074 2902 1205 2968 notione
1281 2976 1292 2992 ‘

58 3061 240 3080 ⁸*—

55 3141 142 3200 ranas
160 3146 192 3200 dd
210 3142 307 3200 ου’θενλ
323 3143 506 3217 προσόμοιος,
530 3143 575 3200 o‘ri
599 3147 631 3199 di
651 3143 752 3216 προϊὸν
770 3143 856 3205 οὕτως
874 3150 950 3206 τέλος
969 3145 1034 3202 addi
1055 3141 1207 3220 ἅνθρωπος

56 3225 114 3284 tue
133 3231 201 3302 ζῷόν
219 3253 243 3288 τι
262 3232 352 3306 μόνον
371 3237 502 3305 φαίνεται
520 3233 550 3288 τὰ
570 3231 750 3306 γιγνόμενον,
767 3231 834 3300 ὃδὴ
846 3237 892 3287 καλ
906 3237 1014 3304 λέγεται
1031 3241 1138 3306 τέρατα.
1159 3239 1206 3290 καλ

54 3315 98 3386 rip
114 3319 247 3392 ἐχόμενον
270 3322 324 3375 τῶν
342 3323 496 3392 εἰρημένων
514 3320 590 3377 duris
614 3326 702 3376 ελπεῖν
726 3324 789 3393 περὶ
812 3322 1018 3378 τῶντοιούτων
1040 3323 1089 3383 τὰς
1107 3327 1206 3384 αἰτίας.

54 3407 117 3467 τίλας
132 3407 186 3482 γὰρ
205 3409 260 3464 τῶν
276 3409 330 3480 μὲν
348 3406 484 3474 κινήοιιυν
502 3411 656 3482 λυομένων,
674 3410 720 3475 τῆς
738 3405 766 3460 d'
788 3405 852 3474 ὕλης
864 3405 897 3460 οὐ
911 3417 1109 3484 κρατουμένης,
1127 3417 1207 3485 μένει

54 3491 214 3550 τὸκαθόλου
231 3495 361 3568 μάλιστα·
380 3498 460 3552 τοῦτο
479 3495 507 3550 d'
529 3497 587 3551 dori
603 3496 633 3550 rai
654 3499 731 3565 ζῷον.
767 3499 813 3562 lv,
833 3505 858 3552 t.
879 3503 928 3551 770
942 3499 960 3551 b
976 3507 1022 3554 te:
1042 3499 1090 3554 ded
1108 3500 1139 3554 τὸ
1159 3504 1207 3555 καὶ

53 3577 78 3630 ri
93 3584 166 3652 rapti
184 3583 272 3656 φύσιν
290 3584 358 3638 ελναι
377 3581 483 3654 τρόπον
501 3583 562 3639 τινὰ
580 3583 650 3638 κατὰ
669 3581 765 3656 φύσιν,
784 3583 853 3640 ὅταν
868 3583 907 3658 μὴ
926 3585 1049 3660 κρατήσῃ
1068 3586 1118 3655 τὴν
1136 3589 1207 3644 κατὰ

54 3665 94 3732 τὴν
109 3667 207 3740 siderei
227 3669 297 3726 arrei
315 3671 345 3725 td
365 3670 439 3730 aldor
456 3668 548 3742 φύσις.

118 3759 136 3826 ¹)
153 3761 238 3828 Phys.
255 3761 290 3824 11,
310 3763 333 3812 8.
355 3763 493 3814 laertes
512 3753 634 3830 ἁμαρτία
653 3759 684 3812 δὲ
703 3762 826 3828 γίγνεται
841 3763 887 3814 κοιλ
900 3762 931 3815 ἓν
942 3769 1000 3823 τοῖς
1013 3764 1084 3819 κατὰ
1097 3766 1205 3833 τέχνην·

54 3837 146 3912 'mitt
162 3845 218 3916 γὰρ
237 3845 289 3900 oda
306 3844 400 3914 ὀρθοῖς
418 3843 433 3900 d
451 3843 660 3918 γραμματικός,
684 3851 731 3900 καλ
749 3846 877 3903 ἐπότισεν
896 3847 946 3904 orix
965 3850 1058 3924 ὀρθῶς
1077 3847 1092 3904 d
1113 3851 1207 3926 ἰατρός

53 3925 78 3980 τό
98 3927 260 4004 φάρμακον·
286 3931 356 3990 dms
379 3935 464 4003 δῆλον
487 3933 529 3989 ὅτι
553 3935 693 4004 ἐνδέχεται
718 3937 765 3986 καλ
788 3935 818 3989 ἓν
835 3941 892 3995 τοῖς
916 3936 1101 4008 κατὰφύσιν.
1128 3941 1154 3992 ελ
1171 3938 1206 4005 δὴ

54 4011 118 4070 iares
135 4017 194 4074 λνια
213 4021 283 4076 arrd
301 4026 400 4091 τέχνην
418 4023 449 4077 ἐν
467 4016 507 4082 οἷς
525 4021 555 4076 sd
574 4022 665 4094 ὀρθῶς
682 4017 763 4076 ἕνεκά
781 4040 839 4088 του,
865 4024 895 4078 ἐν
919 4023 951 4077 δὲ
969 4031 1026 4083 τοῖς
1044 4024 1207 4098 ἁμαρτανο-

52 4105 136 4168 μένοις
152 4107 233 4163 ἕνεκα
249 4112 304 4181 μέν
325 4127 399 4168 τινος
421 4110 597 4181 ἐπιχειρεῖται
619 4107 683 4164 ἀλλ’
703 4107 940 4180 ἀποτυγχάνεται,
967 4110 1072 4185 ὁμοίως
1091 4105 1128 4166 dv
1146 4115 1206 4183 ἔχοι

55 4193 93 4242 aa
110 4191 139 4248 ir
156 4201 213 4256 τοῖς
230 4201 371 4267 φυσικοῖς,
389 4201 437 4252 aui
454 4195 487 4252 td
506 4200 603 4269 τέρατα
623 4193 806 4270 ἁμαρτήματα
826 4199 933 4254 ἐκείνου
951 4202 1001 4254 τοῦ
1020 4197 1103 4256 ἕνεκά
1121 4219 1180 4256 του.

116 4283 136 4346 't
154 4286 216 4338 Met.
236 4287 271 4351 K,
290 4288 315 4338 3.
339 4289 400 4340 toea
416 4303 433 4338 a
450 4291 493 4340 te:
512 4285 572 4340 λπελ
584 4285 615 4340 d'
630 4285 687 4338 ἐσιλ
704 4283 737 4338 τὰ
751 4285 863 4340 ἐναντία
883 4284 973 4342 πάντα
991 4289 1039 4354 τῆς·
1057 4283 1142 4353 αὐτῆς
1160 4291 1207 4342 καλ

52 4367 108 4432 retr
128 4371 275 4445 λαιαήμιτ
300 4373 446 4442 ereptum.
484 4377 513 4437 r,
538 4379 561 4426 a.
588 4378 721 4428 ιοοιαιι.
757 4377 807 4430 se.
827 4391 864 4442 pr.
885 4377 911 4437 1,
936 4380 978 4428 aa.
998 4378 1115 4430 raes·
1143 4379 1204 4434 ute.

54 4453 102 4512 iiie.
120 4461 153 4526 V,
172 4469 195 4516 1.
217 4465 367 4516 1129118.
