2966 5072
725 441 742 499 7
783 423 787 436 .

213 607 317 671 stione
353 605 570 690 probabiliter
606 607 824 690 argumentari
859 611 1012 693 possunt,
1047 605 1244 686 aliorumque

214 711 382 792 opiniones
413 715 502 776 recte
529 709 718 794 dijudicare,
744 709 845 776 falsas
876 710 1082 794 redarguere,
1115 708 1243 773 omnino

214 815 286 896 qni,
317 813 395 896 quid
429 814 473 878 sit
500 835 630 895 verum,
658 813 735 898 quid
767 815 1089 906 sit,consentaneum
1118 812 1244 900 cuique,

215 913 292 999 quid
322 938 538 1000 consequens,
573 938 671 1001 quam
704 915 870 984 celerrime
895 922 1031 1002 possunt
1063 916 1243 1000 perspicere

214 1027 312 1104 atque
335 1041 539 1104 expromere,
562 1020 722 1086 dialectici
743 1023 949 1088 nominantur
970 1021 1012 1087 ab
1034 1005 1138 1104 iisque
1156 1019 1243 1084 dicta

215 1145 270 1190 ars
293 1131 343 1190 est
366 1125 536 1190 dialectica
550 1125 587 1209 5),
637 1123 761 1192 Contra
791 1127 846 1210 qui
869 1147 903 1191 se
929 1145 1024 1210 posse
1053 1129 1180 1189 tantum
1202 1125 1242 1188 si·

216 1229 357 1309 mulant,
399 1229 564 1312 sophistae
603 1229 808 1315 dicrmturfi),
849 1230 1040 1313 quibuscum
1072 1229 1244 1294 cohaerent

215 1333 451 1417 quodammodo
469 1330 648 1416 Ἐρεσπκοί,
673 1333 727 1418 qui
748 1335 878 1419 utrique
889 1334 1244 1416 fallaciteretcaptiose
1270 1413 1273 1418 1

216 1458 255 1503 ea
277 1443 348 1502 arte
370 1437 555 1520 utuntur7).

283 1541 433 1608 Ceterum
468 1542 530 1606 etsi
551 1548 725 1625 praecepta
753 1542 868 1609 talium
897 1564 1096 1624 sermonum,
1127 1542 1161 1609 id
1194 1549 1243 1608 est

216 1647 431 1731 dialogorum,
461 1647 514 1710 vix
542 1645 607 1711 ulla
635 1646 802 1714 rhetorum
828 1653 974 1730 exstant,
1007 1653 1116 1714 tamen
1147 1669 1245 1732 quum

216 1750 361 1836 dialogus
384 1751 479 1836 quasi
496 1771 601 1815 sermo
623 1751 742 1835 duplex
764 1753 815 1832 sit,
839 1753 958 1837 quippe
980 1753 1035 1837 qui
1056 1753 1244 1835 plerumque

216 1855 301 1920 inter
322 1854 404 1922 duos
420 1853 498 1934 ¹liat,
527 1875 587 1938 per
608 1876 644 1920 se
666 1853 859 1938 intelligitur
885 1876 955 1920 esse
976 1856 1106 1940 utrique
1133 1856 1244 1920 adver·

217 1953 430 2026 cassiterum
453 1957 507 2022 hio
528 1979 655 2043 quoque
677 1979 717 2026 ea
739 1957 952 2040 observanda,
983 1980 1066 2044 quae
1096 1959 1244 2025 eruditis·

217 2065 332 2128 simum
353 2084 511 2147 quemque
539 2063 677 2130 maximo
705 2085 935 2148 usquequaque
960 2063 1054 2130 alteri
1077 2069 1244 2148 praestare

218 2169 339 2235 deceat.
366 2167 421 2252 ¹Iu
444 2190 558 2252 quare
577 2170 804 2252 quummirum
826 2174 983 2252 quantum
1000 2175 1158 2252 peccetur,
1181 2191 1245 2234 non

219 2272 358 2338 alienum
380 2278 429 2338 est
451 2272 589 2338 lectores
611 2273 654 2338 ad
676 2271 873 2352 Ciceronem,
895 2272 1009 2338 talium
1030 2294 1137 2338 rerum
1152 2295 1243 2356 pras·

218 2385 380 2461 captorem
402 2379 569 2457 exinrium,
595 2379 760 2442 remittere
773 2377 811 2463 ⁸).

283 2481 409 2547 Primus
430 2483 465 2546 in
487 2487 559 2546 arte
581 2482 749 2548 dialectica
770 2503 920 2565 magnam
941 2482 1059 2548 samam
1081 2483 1245 2566 collegisse

220 2585 338 2651 dicitur
360 2589 446 2652 Zeno
469 2590 612 2666 necares,
643 2585 760 2652 nobilis
793 2585 849 2651 ille
874 2585 1074 2652 Parmenidis
1106 2587 1243 2664 auditor,

219 2711 314 2774 quem
336 2690 472 2757 eundem
494 2689 653 2774 Diogenes
675 2689 824 2755 Laertius
846 2690 985 2772 primum
1007 2689 1151 2774 dialogos
1168 2689 1244 2754 scri·

218 2796 322 2878 psisse
350 2796 479 2860 nuntiat
492 2795 530 2880 ⁹).
598 2792 719 2860 Contra
753 2793 944 2860 Aristoteles
979 2800 1012 2858 et
1046 2793 1244 2859 Phavorinus

273 2978 303 3046 6)
329 2982 362 3032 ΙΙΙ.
381 2981 456 3052 Βίορ
484 2981 568 3034 laert.
588 2983 627 3034 111.
654 2997 677 3045 p.
697 2981 749 3034 215
774 2980 868 3050 (Calon.
889 2982 976 3032 ΙΙΙοΙπ.
1005 2981 1094 3050 1616.)
1128 2981 1198 3034 Ἐστι
1215 2982 1244 3035 δὲ

218 3065 346 3137 σεάὶογος
363 3069 390 3129 Ιξ
407 3069 556 3140 Ιρωτὴσεως
573 3067 620 3120 καὶ
638 3065 804 3139 ἀποκρίσεως
827 3072 999 3142 συγκείμενος
1021 3072 1170 3138 περίτονος
1193 3069 1246 3122 τῶν

219 3157 464 3230 ρεΙοσοφοσμένων
480 3159 527 3212 καὶ
545 3157 685 3211 πολιτικῶν
702 3159 767 3230 μετὰ
791 3159 835 3224 τῆς
853 3159 1003 3228 πρεπούσης
1027 3159 1171 3226 ἠθοποιίας
1193 3160 1245 3212 τοῖν

217 3248 510 3318 παραλαμβανομένων
529 3245 683 3316 προσώπων
706 3248 753 3300 arni
770 3247 814 3314 τῆς
830 3249 897 3301 κατὰ
915 3248 960 3315 τὴν
983 3250 1053 3311 λε’ξεν
1077 3251 1243 3316 κατασκευῆς,

219 3336 365 3402 misnen}
383 3336 410 3390 δ’
431 3337 483 3390 ἐστὶ
507 3339 580 3407 τέχνη
600 3335 706 3407 λόγων,
735 3335 769 3390 ds’
787 3328 817 3401 ἧς
841 3337 1057 3410 ἀνασκευάζομέν
1082 3357 1106 3392 τε
1129 3339 1144 3405 ἢ
1166 3359 1245 3393 κατα-

219 3427 381 3497 σκευάζομεν
408 3427 436 3487 ἐξ
464 3425 611 3494 ἐρωτήσεως
635 3425 681 3477 κατ’
705 3423 871 3495 ἀποκρίσεως
895 3427 946 3480 τῶν
969 3429 1245 3502 προςδεσλεγομὲνων.

223 3517 278 3570 aa.
298 3518 328 3568 ds
347 3520 397 3569 lin.
416 3520 446 3581 ΙΙ,
466 3536 486 3569 c.
506 3517 530 3568 6.
550 3517 672 3570 dialectica
693 3543 725 3556 -·
745 3531 790 3568 uno
809 3519 912 3570 continet
936 3535 1028 3570 omnem
1048 3528 1072 3571 et
1089 3521 1244 3586 perspiciendi

222 3607 473 3674 quidinqurqusrr
494 3610 679 3670 allicientium,
707 3615 731 3658 et
746 3607 863 3672 judicandi
882 3612 949 3676 qualo
968 3611 1069 3676 quidque
1086 3611 1129 3670 sit,
1154 3618 1178 3662 st
1205 3625 1244 3660 τε-

220 3699 384 3750 beureria
403 3697 545 3761 disputandi.
581 3699 610 3750 ol.
630 3697 720 3762 ΕΙεετεΙ.
737 3697 843 3750 lesdam.
864 3699 892 3760 ΙΙ,
911 3717 931 3750 c.
951 3698 1048 3762 2691.
1069 3700 1137 3750 dmt.
1149 3697 1244 3767 §.bob

221 3785 287 3840 nar.
306 3787 418 3853 sophin.
438 3801 462 3849 p.
481 3785 542 3847 363,
562 3787 581 3838 o
599 3803 635 3852 sq.
654 3787 752 3839 An'rtot
782 3787 865 3856 Topic.
885 3790 903 3850 Ι,
922 3807 942 3842 c.
965 3789 987 3848 Ι,
1006 3789 1022 3840 2
1042 3805 1077 3854 sq.
1168 3787 1198 3855 6)
1216 3791 1244 3840 ot.

220 3875 284 3926 Ηιε.
303 3875 413 3943 Sophias.
431 3889 455 3938 ρ.
474 3875 526 3926 268
544 3877 562 3927 6
578 3891 615 3940 oq.
725 3875 755 3944 7)
772 3879 802 3930 ti.
813 3878 917 3930 ’ΖεΙΙετε
936 3880 958 3930 d.
979 3881 1127 3943 Philosophia
1145 3879 1244 3930 ditric-

217 3965 276 4014 aar
291 3961 331 4030 (2.
348 3963 420 4031 lull.)
438 3963 465 4014 T.
484 3965 502 4025 Ι,
519 3979 543 4027 p.
564 3965 615 4016 165
634 3981 669 4029 sq.
693 3967 720 4016 t.
739 3966 768 4027 ΙΙ,
786 3981 808 4030 p.
832 3967 890 4019 186.
1026 3965 1056 4034 8)
1074 3969 1108 4018 ΙΙε
1128 3968 1203 4034 offic.
1224 3969 1242 4030 l,

216 4051 314 4120 5¹³⁴
330 4067 367 4117 sq.
408 4053 476 4111 Quod
497 4052 589 4106 decoris
607 4063 757 4120 praecaptum
780 4056 889 4108 Socrates
913 4057 1007 4123 quidem
1034 4057 1095 4121 apud
1125 4058 1244 4110 Plateam

217 4157 340 4208 unquam
356 4157 405 4194 uon
422 4151 476 4194 εοεε
496 4146 576 4196 curtos
595 4145 673 4198 babet,
764 4145 794 4213 9)
813 4148 828 4197 Ι.
848 4163 869 4199 ο.
887 4147 926 4210 ΙΙΙ,
944 4161 968 4212 p.
986 4145 1047 4197 ²15.
