2934 5076
602 476 661 540 101

130 658 292 747 liquit²²⁴),
314 661 348 727 in
369 660 545 746 probandis
565 661 605 728 iis
627 653 783 729 doctrinis
806 681 888 745 quae
910 662 1028 730 eivead
1043 659 1141 727 vitam

129 764 345 831 instituendam
368 767 547 850 pertinere,
581 768 647 832 sive
680 766 721 832 ad
749 785 859 832 verum
888 765 1140 850 cognoscendum

132 869 263 955 proxime
285 870 437 935 accedere
459 869 693 937 arbitrabatur.
738 867 828 947 Quae
857 891 956 953 quum
984 869 1033 934 ita
1065 870 1140 949 sint,

130 993 228 1040 errare
248 975 398 1040 videntur
419 974 456 1055 ii,
488 976 544 1059 qui
565 995 649 1060 quae
670 979 785 1040 contra
806 994 965 1059 quemquo
993 979 1050 1039 aut
1071 975 1141 1057 ipae

129 1077 278 1143 interdum
311 1078 529 1164 disputet²²⁵)
561 1085 619 1145 ant
647 1077 746 1144 alium
783 1078 1002 1162 disputantem
1020 1078 1141 1168 iaciat,

130 1202 165 1248 ea
184 1183 285 1250 omnia
307 1205 347 1249 ex
368 1183 470 1268 ipsius
493 1185 656 1250 sententia
677 1203 805 1268 semper
826 1182 914 1249 dicta
942 1202 1013 1250 esse
1033 1182 1142 1247 existi·

34 1311 35 1326 ι
129 1293 219 1353 mant.
259 1288 361 1354 Immo
381 1307 458 1354 vero
479 1292 517 1353 ut
537 1287 667 1353 omnino
679 1285 876 1352 consuetudo
891 1286 1055 1352 bominum
1067 1285 1141 1365 fert,

34 1389 35 1434 ἓ
129 1395 162 1456 nt
182 1411 236 1458 sna
257 1393 393 1477 quisque
416 1398 530 1457 contra
551 1391 690 1457 alterum
711 1390 849 1454 maxime
870 1389 1000 1456 finnata
1018 1396 1052 1455 et
1073 1411 1143 1455 mu·

128 1493 192 1560 nita
209 1516 276 1562 esse
299 1495 385 1577 velit,
409 1495 455 1560 sic
475 1495 574 1560 etiarn
596 1493 742 1559 diversae
763 1492 1027 1577 philosophorum
1049 1487 1142 1558 disci·

129 1597 224 1681 plinae
245 1621 372 1684 semper
393 1621 433 1666 ex
453 1599 592 1665 veritate
613 1596 847 1664 describendae
870 1605 903 1665 et
924 1597 1142 1684 designandae

129 1709 227 1784 orant,
262 1705 329 1770 sive
357 1704 428 1787 ipse
458 1703 524 1769 sive
550 1703 635 1768 alius
664 1702 867 1786 loquebatur.
930 1701 1037 1780 Quare
1074 1704 1142 1786 ejus

129 1805 218 1888 ipsius
239 1807 436 1893 disciplinae,
459 1807 512 1872 cni
523 1807 661 1872 maxime
673 1805 822 1871 addictus
834 1810 915 1886 erat,
937 1804 1143 1872 Academiam

34 1945 35 1950 ι
129 1931 232 1978 noram
253 1912 344 1996 dico,
375 1912 478 1978 multa
507 1916 601 1977 erant
623 1910 903 1977 commemoranda
932 1916 1029 1994 atque
1050 1909 1142 1974 indu·

130 2013 228 2098 aenda,
250 2039 333 2102 quae
354 2017 408 2082 rix
429 2038 581 2102 umquam
603 2015 645 2083 ab
668 2037 706 2082 eo
720 2014 860 2100 probata
875 2015 1141 2082 essecredideris.

130 2115 216 2187 Velut
235 2120 292 2188 ubi
314 2118 444 2188 Cottam
465 2121 708 2205 impugnantem
735 2120 858 2185 inducit
881 2119 1061 2186 Stoicorum
1089 2140 1141 2185 ra·

130 2223 316 2309 tionem²²⁶)‚
340 2225 397 2310 qni
419 2225 527 2292 omnia
539 2224 753 2309 pulcherrime
764 2224 852 2290 iacta
867 2229 900 2290 et
915 2224 1022 2291 divina
1036 2230 1143 2290 mente

131 2329 190 2412 regi
209 2337 241 2395 et
260 2351 327 2395 non
348 2329 452 2396 solum
474 2330 623 2395 universo
641 2327 807 2395 hominum
823 2329 943 2414 generi,
966 2326 1023 2394 sed
1044 2327 1143 2392 etiam

131 2431 251 2516 singulis
273 2455 294 2500 a
315 2433 377 2500 diis
398 2431 633 2500 immortalibus
655 2433 778 2500 consuli
799 2439 833 2499 et
852 2433 1014 2518 provideri
1035 2452 1143 2498 cense-

132 2533 210 2602 bant.
254 2537 338 2606 Cave
360 2539 445 2604 enim
467 2538 581 2604 credas
602 2539 667 2604 ista
687 2540 760 2622 ipsa
787 2538 886 2604 fnisse
919 2538 1041 2622 placita
1061 2538 1142 2603 Aea·

131 2635 242 2706 demiae
262 2661 379 2723 novae,
408 2661 493 2725 quae
514 2639 663 2706 utnulla
694 2640 761 2705 fere
792 2645 886 2706 erant
916 2641 1062 2722 omnino,
1097 2639 1143 2704 sic

131 2747 311 2830 reprobari
333 2745 462 2831 quidem
489 2765 528 2809 ac
554 2743 736 2808 confirmari
762 2765 821 2809 neo
851 2743 953 2809 refelli
981 2747 1142 2827 poterant.

132 2844 221 2915 Immo
241 2849 322 2916 nihil
344 2850 406 2915 nisi
427 2849 515 2914 ratio
539 2855 611 2913 erat
633 2847 897 2914 Academicorum
920 2846 1141 2926 sustentanda,

130 2969 164 3018 ex
194 2975 255 3038 qua
284 2959 398 3020 contra
425 2952 550 3018 Stoicos
582 2950 801 3032 disserebant,
836 2971 1010 3034 eorumque
1039 2950 1142 3034 mags

131 3066 307 3142 argumenta
335 3058 502 3125 confutare
535 3056 702 3134 volebant,
742 3077 838 3140 qnam
876 3057 937 3140 ipsi
965 3054 1142 3140 quidquam

132 3161 207 3244 quod
237 3161 459 3230 affirmandum
494 3165 552 3228 aut
589 3160 774 3227 assensione
808 3159 1008 3246 probandum
1046 3164 1142 3240 essct,

133 3271 272 3335 atemere.

135 3417 224 3430 ·———..
234 3422 327 3430 „—

192 3492 255 3562 224)
273 3496 307 3546 Gt.
326 3493 360 3544 Do
379 3495 437 3546 Nat.
457 3495 534 3548 Dour.
553 3495 593 3556 111,
615 3494 682 3570 1,,1.
808 3491 875 3561 225)
893 3493 921 3544 Ut
939 3509 1010 3560 quum
1029 3493 1143 3558 paradoxa

131 3581 227 3641 wedam
244 3584 320 3635 Stoica
339 3585 444 3648 peculim-i
469 3583 546 3634 libello
573 3583 680 3634 detondet
706 3581 830 3647 eademque
854 3582 878 3632 in
905 3583 968 3634 libris
999 3583 1028 3632 da
1049 3583 1144 3633 Finibus

130 3679 242 3734 apamea
350 3672 416 3740 226)
434 3673 467 3723 [te
488 3673 539 3722 Not
569 3673 642 3722 Deos.
662 3671 701 3722 tib.
714 3671 754 3722 ΙΙΙ.
772 3672 819 3723 Cb.
837 3671 861 3722 tn
880 3687 906 3722 ra
919 3671 1025 3724 similit
1048 3672 1144 3723 Fusias

133 3752 193 3806 Ptit·
209 3761 267 3824 apud
289 3762 342 3811 Cre.
368 3763 397 3812 de
416 3763 478 3830 κερ.
504 3760 535 3810 ΙΙΙ
553 3777 574 3812 r.
594 3761 625 3822 b,
653 3747 800 3826 quiquidem
818 3761 842 3812 in
862 3777 889 3811 aa
912 3761 1043 3822 mutanda,
1073 3775 1141 3824 quarn

129 3846 225 3896 bendani
243 3849 356 3916 suscepit,
374 3851 473 3902 indicare
492 3851 570 3914 votuit,
587 3867 655 3917 quarn
674 3851 696 3901 id
714 3851 787 3902 aliena
804 3852 913 3912 oratione,
931 3866 990 3916 qnae
1008 3857 1057 3900 erat
1078 3850 1143 3900 Car·

131 3937 218 4000 mdc,
235 3943 323 3991 tremet
367 3943 396 3992 Et
414 3950 494 3992 nosue
516 3957 609 4008 quoqne
633 3943 683 3991 toro
702 3941 765 3992 cora
784 3941 907 3992 &mendis
924 3941 972 3990 sira
991 3938 1142 3990 dubitationes

34 4089 35 4110 Χ
131 4021 171 4070 ⁵5⁸0
189 4025 348 4090 &prauam
369 4031 445 4082 uadit.
482 4032 534 4095 lpse
559 4039 634 4081 rutam
653 4030 730 4080 Cicero
748 4031 803 4096 quid
828 4031 857 4081 da
879 4030 915 4080 bis
941 4032 1011 4080 rebus
1035 4027 1142 4088 arserit,

34 4189 35 4208 ἦ
131 4109 808 4188 ὓτειὶιπιὴοοοιροέωιιιὴὼωᾶεῑιςφ.11,αἵ.
853 4121 980 4187 (itaquae
1005 4119 1033 4170 de
1058 4118 1142 4168 baare

34 4223 35 4290 J
131 4203 213 4264 ‘inti‘
229 4207 326 4272 dispuli
345 4210 482 4262 Kriscbiur
501 4210 662 4270 Forscbnngen
681 4219 724 4259 ota
744 4226 767 4276 p.
787 4211 803 4260 9
821 4225 873 4275 sqq.
