2870 5076
414 423 742 492 .—89-

78 601 198 659 motores
225 591 364 660 voluisse
391 617 412 660 s
439 594 499 662 deo
530 617 601 662 esse
630 596 807 682 profectos,
842 594 963 682 pariter
994 605 1091 683 atque
1117 595 1212 661 Plato

77 713 152 787 putat
171 703 310 791 reliquos
334 704 410 770 deos
432 725 544 771 omnes
566 706 669 770 factos
692 727 763 770 esse
786 727 805 770 a
827 704 887 770 deo
910 726 1034 770 summo
1048 702 1082 791 ¹).
1126 705 1212 771 Nem

76 811 123 876 loc
146 813 170 878 si
196 835 261 880 non
289 813 454 880 statuisset
484 813 691 898 Aristoteles,
724 825 792 880 tota
826 813 970 880 doctrina
1005 813 1211 902 claudicqret,

75 942 134 986 cnm
153 921 300 1010 principii
322 921 428 990 unitas
450 947 580 1012 prorsus
602 925 777 1004 tolleretur,
801 946 907 1011 neque
924 923 1002 990 Met.
1015 931 1064 1005 A,
1084 925 1130 990 10.
1147 946 1211 1006 ex„

76 1037 225 1118 posquam
257 1033 290 1100 in
319 1033 424 1122 capite
452 1045 566 1100 octavo
597 1046 675 1123 quot
702 1034 869 1104 stellarum
899 1043 1039 1100 motores
1066 1032 1213 1100 sumendi

75 1149 165 1205 essem
187 1143 355 1228 explicuit,
384 1143 490 1210 dicere
512 1154 653 1233 poterat:
682 1138 715 1210 ol
741 1141 780 1210 dd
810 1141 963 1228 λέγοντες
982 1139 1041 1207 τὸν
1062 1136 1214 1231 ἀριθμὸν

74 1251 199 1336 πρῶτον,
213 1249 273 1321 τὸν
285 1253 526 1342 μαθηματικὸν
540 1251 597 1320 καὶ
612 1250 721 1334 οὕτως
736 1248 791 1320 olel
807 1245 910 1340 ἄλλην
925 1247 1080 1340 ἐχομένην
1095 1247 1214 1320 οὐσίαν

74 1357 119 1425 sni
138 1354 239 1448 ἀρχὰς
261 1359 399 1452 ἑκάστης
421 1357 537 1444 ἄλλος,
561 1359 788 1452 ἐπεισοδιώδη
802 1361 861 1452 τὴν
875 1363 936 1430 τοῦ
951 1360 1078 1442 παντὸς
1093 1356 1214 1432 οὐσίαν
1289 1367 1292 1378 ’

74 1473 216 1539 πονοῦσιν
243 1467 363 1559 (οὐθὲν
389 1473 451 1564 γὰρ
474 1469 493 1564 ἡ
519 1471 616 1562 ἑτέρα
641 1479 683 1565 τῇ
710 1471 806 1565 ἑτέρᾳ
832 1467 1059 1558 συμβάλλεται
1082 1465 1213 1562 odori*

71 1576 107 1666 μὴ
130 1572 226 1667 οὖσα)
253 1581 312 1650 καὶ
339 1578 441 1671 ἀρχὰς
462 1581 607 1667 πολλός·
636 1586 678 1656 τὰ
701 1585 740 1654 dd
763 1578 842 1654 ὄντα
864 1579 904 1652 οὗ
927 1580 1090 1669 βούλεται
1111 1583 1212 1650 πολι-

72 1683 219 1760 τεύεσθαι
240 1696 360 1774 κακῶς.

236 1799 322 1892 „cdx
343 1800 479 1894 ἇγαθόν
500 1801 751 1895 πολυκοιρανίη·
775 1797 824 1885 εἷς
845 1800 1028 1894 νιοὶροννο(,·.“ι

145 1911 191 1980 Ut
211 1917 322 2003 peucis
345 1909 654 2006 comprehendamus
676 1940 759 2004 quas
787 1915 934 2005 proxime
957 1915 1105 2004 exposita
1127 1926 1211 1996 sunt,

72 2021 180 2110 cogitat
207 2026 285 2092 deus
312 2027 489 2096 formarum
518 2053 556 2095 sc
583 2027 834 2094 substantiarum
861 2049 1019 2093 summam
1046 2033 1143 2113 atque
1170 2024 1213 2091 ed

72 2131 207 2200 effectum
235 2159 290 2201 eas
318 2136 450 2204 adducit
475 2139 634 2222 motione;
668 2137 788 2223 cogitat
820 2148 925 2204 autem
959 2157 1086 2223 semper
1113 2157 1212 2202 unum

70 2238 216 2331 idemque,
240 2269 313 2316 cum
336 2256 429 2314 extre
450 2259 632 2337 temporum
657 2271 768 2314 cursus
792 2247 832 2312 sit
848 2248 979 2336 positus,
1002 2246 1047 2313 ita
1062 2255 1097 2312 ut
1113 2255 1213 2312 muta·

70 2349 207 2420 donello
234 2359 329 2424 modo
360 2382 433 2427 eum
460 2359 607 2446 attingat.
653 2358 769 2446 Itaque
794 2380 899 2445 neque
926 2357 987 2422 suit
1017 2377 1122 2444 neque
1152 2355 1213 2422 erit

70 2462 179 2528 nomini
200 2462 310 2534 divino
334 2470 519 2559 quidquam,
543 2469 599 2536 sed
622 2467 806 2556 praesentia
828 2477 903 2532 sunt
924 2467 1040 2532 omnis.
1079 2465 1212 2531 Minime

71 2593 137 2638 vero
157 2574 356 2662 ignoremus,
387 2583 572 2670 quicunque
595 2579 635 2644 de
658 2579 719 2644 hec
741 2599 776 2641 re
799 2575 1007 2643 disseruerint
1029 2575 1091 2640 alia
1113 2585 1212 2664 etque

70 2703 120 2748 uos
141 2695 290 2754 ststuere.
329 2690 445 2779 Itaque
467 2692 530 2756 iam
547 2685 816 2775 progrediendum
839 2684 931 2751 nobis
954 2695 1003 2749 est
1024 2683 1065 2748 sd
1088 2693 1212 2750 senten-

69 2791 120 2858 tias
141 2796 272 2864 eliorum
296 2799 545 2868 considerandas
569 2808 601 2864 et
624 2794 861 2864 examinandus.
906 2796 955 2860 Ac
977 2794 1114 2882 primum
1145 2793 1211 2882 qui·

69 2899 132 2970 dem
146 2905 289 2996 plerique
304 2905 424 2976 dictum
440 2908 519 2977 illud
534 2908 777 2974 Aristoteleum:
797 2913 938 2969 mentem
953 2901 1094 2969 divinem
1110 2912 1212 2970 semet

69 3007 159 3094 ipsam
180 3014 326 3102 cogitare
347 3030 446 3109 atque
468 3019 695 3106 cogitationem
719 3015 786 3082 eius
809 3036 879 3080 esse
902 3011 1106 3099 cogitationis
1128 3013 1212 3099 cogi·

68 3121 218 3210 udonem,
238 3127 284 3193 ita
305 3129 540 3212 intellexerunt,
564 3139 599 3196 ut
621 3127 698 3194 deus
721 3124 807 3214 apud
822 3123 1029 3189 Aristotelem
1054 3146 1119 3189 non
1140 3143 1210 3211 per-

68 3229 176 3316 ciperet
197 3237 259 3304 nisi
281 3261 372 3306 suern
394 3239 494 3326 ipsius
516 3249 674 3318 naturam,
696 3238 726 3303 h.
744 3260 770 3301 e.
793 3244 828 3299 ut
850 3257 869 3300 e
892 3233 1049 3320 cogitaret
1070 3257 1099 3298 a.
1135 3232 1209 3311 Quo

4 3395 5 3402 ,
70 3337 185 3412 adducti
208 3369 247 3414 eo
271 3359 354 3432 sunt,
372 3360 410 3415 ut
431 3371 520 3414 mera
541 3347 573 3412 vi
596 3347 767 3414 attractiva
788 3345 883 3411 deum
908 3365 1038 3409 movere
1059 3353 1211 3430 putarent

70 3461 154 3540 ttqus
181 3481 234 3524 res
261 3460 417 3545 originem
446 3482 466 3523 a
494 3457 555 3524 deo
583 3458 702 3524 habere
729 3455 784 3523 illo
811 3477 918 3544 neque
948 3455 1075 3522 volente
1105 3475 1211 3544 neque

69 3563 188 3634 sciente.
233 3569 355 3637 Contra
383 3593 478 3658 quem
508 3566 698 3636 sententiam
727 3566 804 3634 satis
832 3575 881 3630 est
908 3589 1085 3653 provocare
1108 3566 1148 3632 sd
1172 3585 1211 3630 ea

69 3691 138 3757 quse
164 3677 205 3743 de
232 3701 348 3746 canses
376 3678 480 3746 finslis
510 3677 595 3768 apud
618 3676 826 3745 Aristotelem
851 3687 967 3744 netum
989 3675 1122 3743 anobis
1151 3675 1211 3742 dis

68 3793 166 3866 putate
192 3799 277 3856 sunt.
323 3789 463 3857 Omnino
490 3811 568 3856 vero
597 3787 816 3878 quaerendum
843 3799 906 3871 est,
934 3811 991 3854 cur
1018 3786 1209 3853 Aristoteles

3 3983 4 3986 Ἴ
66 3912 159 3962 rerum
184 3900 376 3986 principium
399 3921 469 3968 esse
493 3901 639 3966 statuerit
661 3909 818 3978 mentem,
851 3899 877 3964 si
900 3898 1029 3966 volebat
1050 3919 1120 3962 earn
1145 3919 1208 3962 non

3 4001 4 4070 l
67 4001 118 4070 ulio
139 4029 268 4076 movere
290 4011 386 4078 modo
410 4020 507 4100 atque
527 4011 591 4075 vim
616 4032 754 4076 osseam.
790 4008 900 4075 Multis
921 4019 1091 4096 praetereo
1111 4006 1210 4074 maxi·

67 4131 139 4178 msm
161 4117 281 4185 hebere
303 4119 429 4187 videtur
451 4120 683 4201 difficultatem,
707 4119 794 4208 quod
809 4118 997 4186 Aristoteles
1014 4117 1091 4184 dicit
1113 4117 1207 4184 deum

3 4221 4 4224 ’
67 4241 184 4292 movere
216 4227 264 4294 rei
296 4230 478 4318 appetibilis
512 4240 544 4295 et
578 4230 755 4316 cogitabilis
788 4226 930 4311 instnr'l.
975 4227 1094 4296 Putant
1123 4228 1207 4296 enim

67 4331 253 4352 *⁸*—

3 4413 4 4416 ,
131 4379 139 4408 Ι
167 4383 197 4435 14·
227 4419 235 4438 ·
321 4423 328 4438 ι

3 4441 4 4456 ,
133 4383 151 4536 'l
170 4385 328 4540 Heidii
349 4479 416 4530 tott
429 4491 446 4526 s
459 4479 503 4528 tt:
522 4477 617 4532 τοίνυν
633 4473 690 4532 loss
708 4495 733 4532 ιι
751 4471 768 4530 ὃ
786 4473 819 4528 οὐ
837 4471 1001 4548 κινούμενον
1019 4479 1098 4544 stret,
1115 4471 1208 4532 ἀΐδιον
