2966 5072
814 493 855 554 84

331 656 459 722 aliunde
480 662 589 721 tamen
609 657 658 722 uir
679 657 793 723 doctus
815 657 976 724 concludit
998 678 1037 724 ex
1058 660 1169 742 paucis
1190 659 1344 742 fragmen·

330 766 438 826 turum
466 761 577 825 frustis
607 762 710 845 iisque
744 762 862 829 dubiae
890 763 1111 844 auctoritatis,
1144 762 1344 830 Aristotelem

331 867 365 929 in
387 866 454 930 suis
483 865 619 948 dialogis
646 865 810 930 interdum
838 867 944 949 ipsum
972 866 1115 931 locutum
1145 887 1230 946 esse,
1262 865 1347 931 nulle

331 970 395 1034 alia
418 969 458 1033 de
480 989 588 1048 causa,
611 969 739 1052 opinor,
763 970 824 1035 nisi
846 976 945 1036 utne
967 970 1160 1036 discriminis
1175 971 1346 1055 quidquam

332 1075 417 1138 inter
439 1073 519 1138 duos
545 1073 617 1138 illos
647 1073 750 1154 locos,
782 1075 821 1138 de
852 1075 968 1158 quibus
999 1075 1120 1158 agitur,
1153 1074 1347 1141 intercedere

332 1182 499 1261 appareat,
523 1198 586 1260 quo
609 1177 679 1260 cogi
700 1178 804 1260 possit
826 1177 869 1242 ad
890 1178 1139 1262 intelligendum,
1163 1199 1260 1262 quam
1280 1179 1347 1262 ipse

330 1283 481 1348 tribuerit
513 1281 700 1347 Aristotelio
733 1283 815 1346 mori
852 1289 1003 1349 naturam
1036 1303 1074 1348 ac
1108 1284 1346 1366 proprietatem,

331 1388 436 1452 minus
459 1407 528 1451 eam
551 1385 593 1451 ab
608 1386 694 1450 omni
715 1392 808 1468 parte
831 1387 1031 1469 probandam
1053 1409 1139 1468 esse;
1161 1388 1195 1452 in
1217 1408 1280 1471 quo
1302 1391 1348 1450 ta·

331 1511 404 1555 men
425 1491 496 1573 ipso
519 1489 711 1570 discrimine,
735 1489 821 1572 quod
843 1491 892 1554 vir
913 1490 1048 1556 illustris
1074 1496 1208 1574 tangere
1238 1491 1347 1569 noluit,

332 1596 403 1678 quis
425 1599 520 1678 neget
541 1594 643 1659 totius
658 1594 857 1676 quaestionis
872 1593 1091 1660 difficultatem
1107 1596 1249 1679 positam
1261 1595 1348 1660 esse?

331 1699 413 1763 Nam
446 1697 653 1763 Aristotelius
689 1718 759 1762 mos
790 1697 962 1781 utrobique
996 1700 1026 1764 ei
1053 1699 1134 1765 nihil
1164 1699 1253 1765 aliud
1282 1719 1349 1764 esse

331 1803 458 1867 videtur
478 1803 541 1866 nisi
565 1800 664 1866 »haec
685 1800 856 1883 peculiaris
878 1802 944 1867 sive
967 1802 1164 1887 syllogistica
1184 1804 1349 1869 inutram·

332 1926 394 1989 que
426 1912 553 1989 partem
587 1905 772 1988 disputandi
800 1907 923 1987 ratic«,
957 1927 1039 1990 quae
1070 1929 1154 1974 »non
1181 1909 1289 1974 minus
1319 1908 1352 1972 in

332 2012 516 2076 Aristotelis
540 2010 669 2094 scriptis
692 2012 915 2076 aoroamaticis
937 2033 1034 2095 quam
1061 2013 1096 2077 in
1125 2015 1193 2096 ejus
1217 2010 1351 2094 dialogis

332 2113 616 2199 dominatur1⁸⁸)«.
662 2113 750 2191 Quae
772 2115 902 2198 quidem
924 2117 1017 2199 quasi
1038 2116 1071 2180 in
1093 2122 1267 2199 angustum
1281 2137 1352 2182 con·

333 2219 434 2284 elusio
457 2240 477 2284 a
499 2217 662 2283 Ciceronis
685 2220 845 2284 sententia
866 2219 1062 2303 inEpistoln
1084 2220 1126 2284 ad
1139 2220 1284 2288 Atticum
1296 2219 1352 2303 ¹⁸⁹)

332 2324 500 2406 proposita
530 2321 692 2387 abhorret.
715 2360 760 2370 -
803 2321 856 2388 Sic
884 2322 964 2388 alibi
990 2345 1136 2407 quoque,
1167 2325 1226 2390 ubi
1257 2327 1286 2391 ei
1315 2324 1353 2390 de

331 2427 396 2491 isto
418 2426 601 2491 discrimine
623 2428 707 2491 inter
728 2425 828 2492 libros
851 2428 891 2493 de
913 2427 1051 2494 Oratore
1074 2435 1107 2494 et
1129 2451 1184 2496 eos
1207 2429 1248 2497 de
1269 2431 1353 2496 Fini·

334 2529 395 2594 bus
419 2531 602 2594 accuratius
618 2529 777 2613 agendum
791 2531 937 2618 firit190),
959 2532 994 2597 id
1015 2533 1055 2597 de
1077 2534 1238 2600 industria
1259 2533 1351 2600 decli·

333 2655 428 2700 nasse
450 2635 576 2700 videtur
597 2640 630 2700 et
651 2633 804 2716 formam,
835 2657 898 2719 quo
924 2641 1139 2720 perseipsum
1167 2644 1209 2703 rit
1230 2641 1352 2722 pauci*

329 2751 436 2822 putres,
461 2739 671 2804 efficaciorem
692 2738 924 2824 Aristotelique
945 2741 1047 2824 magis
1061 2740 1255 2824 peculiarem
1268 2743 1352 2821 dicit,

334 2845 450 2928 quibus
473 2843 579 2909 verbis
602 2865 666 2908 non
688 2844 867 2930 intelligere
895 2865 1027 2929 possum
1057 2846 1136 2928 quid
1162 2847 1352 2931 explicatum

333 2950 385 3013 sit.
441 2949 524 3014 Nam
557 2947 643 3031 quod
678 2954 787 3014 censet
814 2970 878 3014 von
905 2947 1111 3014 Baumhauer
1142 2971 1181 3015 ex
1208 2950 1354 3036 Epistola

335 3054 498 3120 Ciceronis
539 3052 582 3118 ad
615 3051 770 3129 Quintum
805 3052 941 3120 fratrem
957 3054 1014 3140 ¹⁹1)
1050 3074 1224 3137 apparere,
1270 3051 1354 3138 quod

333 3159 470 3224 multum
506 3177 623 3242 operae
652 3162 686 3222 et
720 3159 875 3242 temporis
903 3158 938 3224 in
965 3157 1159 3240 retingendis
1191 3158 1284 3224 libris
1315 3157 1354 3224 de

332 3263 509 3347 Republica
546 3260 656 3326 (licere
694 3263 921 3345 consumserit,
965 3261 1194 3346 »principalem
1225 3283 1354 3329 causam

332 3366 427 3452 hujus
449 3367 555 3450 gravis
576 3363 699 3430 laboris
720 3366 750 3430 ei
771 3364 884 3446 fuisse,
906 3365 1011 3448 quod,
1040 3387 1139 3449 quum
1160 3369 1301 3450 primum
1322 3367 1355 3432 in

332 3471 424 3536 libris
456 3471 523 3535 suis
552 3468 593 3534 de
625 3469 803 3556 Republica
831 3469 914 3534 hanc
940 3469 1162 3535 Aristoteliam
1198 3474 1353 3538 rationem

334 3580 419 3639 esset
440 3579 586 3653 secutus,
621 3593 686 3655 qua
707 3572 852 3639 Platonis
879 3573 1023 3656 exemplo
1050 3572 1162 3658 κωφὸν
1187 3579 1255 3659 ejus
1277 3574 1355 3660 πρό·

334 3695 442 3742 conor
464 3683 565 3757 esset,
596 3697 651 3743 eos
673 3698 758 3742 nunc
779 3677 813 3742 in
834 3677 971 3743 formam
1000 3677 1211 3744 efficaciorem
1233 3680 1355 3745 Aristo·

332 3784 390 3851 teli
411 3783 514 3867 magis
535 3780 739 3864 peculiarem,
763 3803 825 3864 qua
835 3803 931 3862 penes
946 3787 1043 3864 ipsum
1059 3791 1139 3847 esset
1147 3787 1354 3867 principatus,

332 3885 488 3970 refingcre
514 3889 768 3966 consectaretur,
801 3889 910 3969 potest
938 3885 971 3950 id
1002 3887 1132 3970 quidem
1153 3907 1263 3953 verum
1285 3907 1355 3953 esse

407 4101 472 4171 ree)
495 4105 520 4153 u.
545 4120 566 4154 ο.
585 4120 608 4170 p.
628 4106 670 4158 ce.
801 4101 868 4172 rsa)
884 4103 948 4166 xlii,
979 4103 1026 4167 ra,
1051 4106 1075 4158 s.
1206 4103 1271 4170 rso)
1290 4105 1315 4153 u.
1333 4119 1353 4152 ο.

331 4190 418 4255 ass.
529 4193 838 4262 renouarat.
