2966 5072
805 463 845 525 32

377 625 490 693 Paullo
501 625 596 692 aliter
606 629 795 710 Simplicius,
818 627 1022 695 doctissimus
1037 629 1221 696 Aristotelis
1242 631 1343 695 inter-

255 739 260 752 ’
313 751 403 814 pres,
434 732 556 814 scripta
577 735 645 817 ejus
667 732 789 800 dividit.
834 734 918 800 Nem
939 755 1038 818 quum
1059 733 1246 801 Ammonius
1269 734 1342 799 Ari·

313 833 438 900 stoteh's
460 834 654 918 scriptorum
676 837 714 898 τὰ
726 833 1043 922 μὲνὺπομνηματικὰ
1060 842 1094 902 et
1106 837 1343 920 concorporandi

314 959 383 1004 esse
400 938 496 1020 dicct,
520 937 699 1023 Simplicius
716 947 843 1008 tentum
864 941 902 1004 τὰ
925 939 1074 1006 καθόλου
1096 943 1130 1006 in
1152 940 1343 1027 ὑπομνημα-

312 1044 384 1107 τικὰ
407 1047 440 1108 et
462 1044 696 1126 ouvroerpassoed
718 1045 850 1127 dividit,
874 1066 1035 1130 quumque
1057 1046 1244 1112 Ammonius
1268 1044 1343 1108 δια-

313 1145 426 1226 torssd
448 1147 547 1210 etiam
568 1146 736 1230 ἐξωτερικαὶ
759 1150 867 1215 vocari
888 1149 1014 1231 trudat,
1050 1147 1232 1232 Simplicius
1255 1147 1343 1210 loro-

313 1251 388 1336 ρικὰ
409 1254 442 1315 et
464 1249 633 1328 διαλογικά
655 1252 697 1318 sd
718 1251 886 1338 ἐξωτερικαὶ
908 1252 1016 1317 refert.
1062 1251 1151 1331 Quae
1184 1250 1346 1317 Ammonii

314 1361 347 1421 et
381 1354 535 1440 Simplicii
573 1355 760 1438 divisiones,
803 1363 959 1442 quantum
994 1357 1080 1422 inter
1113 1378 1147 1422 se
1194 1355 1345 1422 differant

315 1478 462 1543 quaeque
493 1457 569 1524 inde
601 1466 777 1526 nascentur
811 1461 1032 1543 diversitates,
1066 1459 1159 1526 focile
1196 1459 1345 1544 cognosci

314 1568 432 1648 potest.

380 1665 576 1750 Simplicium
597 1667 770 1732 maximnm
791 1672 917 1752 pentem
939 1669 1018 1734 setis
1041 1673 1190 1734 accurate
1206 1687 1343 1750 sequun-

314 1777 368 1838 tur
389 1773 527 1835 loannes
549 1771 736 1852 Philoposus
758 1776 791 1836 et
814 1775 935 1856 David,
958 1771 1015 1838 elii
1037 1771 1221 1838 Aristotelis
1243 1770 1342 1834 inter·

314 1881 423 1959 pretes
445 1875 532 1958 iique
554 1893 632 1940 sone
654 1875 795 1958 insignes
805 1875 860 1960 ⁶⁷).

379 1981 430 2048 Ab
451 1981 565 2048 horum
585 1979 712 2066 judiciis
728 1979 844 2059 differt,
869 1981 926 2063 qui
943 1980 1045 2046 multo
1070 1983 1145 2063 post
1160 1978 1248 2060 vixit,
1274 1981 1343 2044 Eu·

315 2090 445 2152 streties
468 2085 534 2150 sive
565 2083 640 2166 quis
672 2082 753 2152 alius
781 2085 1027 2150 commentarios
1050 2084 1122 2149 flios
1156 2081 1199 2147 ed
1228 2081 1345 2150 Ethioa

314 2190 528 2258 Nicomachee
550 2187 743 2273 scripsitffl),
768 2190 823 2272 qui
845 2189 947 2255 tradit
969 2211 1040 2256 esse
1056 2188 1237 2272 ἐξωπρικά,
1261 2209 1344 2272 quae

316 2295 358 2362 ed
379 2315 478 2360 unum
499 2291 656 2375 aliquem,
690 2293 746 2376 qui
773 2298 904 2376 praeter
926 2314 1124 2360 communem
1146 2293 1343 2358 auditionem

316 2397 438 2485 aliquid
460 2400 631 2482 quaereret
659 2402 718 2461 aut
744 2396 957 2480 desideraret,
991 2396 1181 2464 Aristoteles
1206 2397 1344 2463 conscri-

318 2504 430 2589 pserit.
475 2500 547 2566 Alio
570 2499 641 2566 loco
663 2499 757 2565 docet
778 2501 980 2586 ἓξωτερικούς
996 2500 1110 2582 λόγους
1125 2522 1195 2567 esse
1224 2522 1343 2567 sermo·

317 2629 374 2674 nes
395 2604 499 2689 vulgi„
514 2603 558 2669 sd
578 2623 659 2687 quos
682 2603 892 2691 philosophus
914 2604 1199 2691 provocaveritffl).

380 2711 492 2776 Potest
514 2729 554 2774 ex
573 2707 624 2773 his
645 2709 785 2792 perspici
807 2709 944 2776 multum
962 2714 1030 2795 jem
1051 2715 1177 2776 veteres
1206 2708 1247 2774 de
1267 2727 1345 2774 vera

316 2816 509 2900 ἐξωτερικῶν
531 2811 635 2891 λόγων
656 2817 777 2878 nature
798 2815 917 2898 quique
940 2815 1089 2897 qualesve
1112 2820 1229 2904 essent,
1252 2813 1344 2878 dubi·

317 2921 453 3001 tsvisse,
476 2917 534 2992 vel,
548 2915 655 3001 potius
678 2916 712 2980 in
734 2917 846 2998 eadem
868 2938 933 3002 qus
954 2939 1012 2984 nos
1034 2918 1218 3002 ignorantia
1237 2930 1344 2984 versa·

246 3088 251 3096 .
317 3031 369 3091 tos
391 3044 471 3090 esse.
526 3021 599 3086 Non
620 3021 725 3085 minus
747 3023 963 3088 recentiorum
985 3021 1025 3087 de
1048 3042 1087 3086 ea
1108 3043 1144 3087 re
1166 3020 1346 3086 sentcntiae
1431 3058 1433 3063 ·

317 3131 402 3196 inter
413 3149 447 3193 se
459 3127 652 3208 discrepant,
674 3125 872 3209 intorques,
896 3147 995 3210 quum
1011 3124 1141 3209 longum
1157 3125 1210 3206 sit,
1233 3144 1343 3192 omnes

319 3252 480 3312 enarrare,
503 3230 601 3314 digna
622 3234 672 3295 est
694 3250 778 3313 quae
799 3235 931 3296 notetur
953 3229 1113 3294 sententis
1135 3233 1173 3295 N.
1185 3231 1345 3312 dedolati,

319 3339 379 3402 viri
409 3334 601 3416 doctissimi,
639 3352 735 3416 quam
764 3333 806 3398 eb
839 3332 911 3398 eliis
941 3339 1105 3415 acceptum
1138 3332 1280 3402 defendit
1313 3335 1347 3400 in

486 3485 524 3494 -ι

388 3559 435 3629 67)
454 3562 606 3613 Solotteis
624 3562 783 3613 Aristotelem
802 3560 894 3624 collegit
913 3559 1206 3626 transcensurum
1222 3565 1347 3630 limlllsq.

321 3661 345 3704 et
361 3667 385 3718 p.
400 3651 444 3706 24.
462 3652 501 3705 iol.
520 3668 534 3704 a
552 3653 592 3702 lin.
613 3651 692 3716 ldsq.
813 3679 816 3686 ·
1344 3701 1347 3709 ,

383 3741 441 3812 ’68)
459 3743 494 3794 sd
512 3742 597 3795 Eitis.
616 3741 715 3792 Nicom.
727 3741 745 3802 l,
763 3755 784 3790 c.
799 3739 841 3801 1³,
853 3739 878 3792 9.
912 3736 1019 3792 Ἐκεῖνα
1037 3737 1088 3810 μὲν
1108 3737 1349 3812 depompatur&

320 3829 508 3903 ὀνᾳμαζόμενά
527 3832 611 3893 ἐστιν,
638 3826 693 3880 ἐπεὶ
711 3833 779 3898 πρὸς
797 3825 856 3886 τοὺς
873 3825 969 3886 κοινῶς
988 3825 1180 3899 ἀκροωμένους
1197 3831 1348 3902 γεγένηται·

320 3920 398 3974 ταῦτα
416 3919 446 3973 δὲ
464 3916 664 3988 Ιξωτερικά,
689 3915 757 3968 διότι
781 3915 877 3968 τούτων
901 3912 1010 3970 ἕκαστὸν
1033 3913 1105 3988 πρός
1127 3936 1185 3970 τινα
1204 3919 1348 3986 (pudeam

320 4011 468 4081 γέγραπται
486 4011 536 4070 ἔξω
553 4007 597 4073 τῆς
613 4003 702 4069 κοινῆς
720 4003 881 4073 ἀκροάσεως.

392 4100 440 4171 69)
458 4101 560 4162 Ibidll,
574 4099 609 4151 4:
626 4092 794 4165 ἔξωτερικούς
811 4093 908 4165 λόγους
926 4097 1031 4160 explicet,
1051 4089 1097 4154 οὓς
1114 4095 1162 4156 ἔξω
1181 4095 1223 4162 τῆς
1241 4097 1351 4167 λογικῆς

306 4153 497 4258 Χπαριτόοἰῐεως
514 4185 611 4246 κοινῶς
626 4183 656 4236 τὰ
675 4181 763 4250 πλήθη
783 4185 858 4253 pori.
