2966 5072
687 483 705 538 9

183 663 330 712 exercere
357 649 506 730 pergunt.
567 643 660 722 Quod
687 645 824 712 Zenonis
861 643 962 726 illius,
992 647 1081 730 cujus
1113 641 1208 710 modo

183 749 376 816 mentionem
396 749 546 830 fecimus,
580 748 665 815 ratio
695 748 882 833 disputandi
908 748 1049 832 probare
1071 748 1207 816 videtur,

183 873 263 937 quae
286 855 313 919 si
336 875 378 918 ex
398 851 573 918 Plutarcho
590 854 633 938 ¹⁵)
656 855 812 940 conjicere
833 853 925 934 lieet,
957 852 1113 938 ejusmodi
1137 851 1208 932 fuit,

184 965 219 1022 ιι
240 957 490 1024 contradicendo
513 963 546 1024 ct
568 958 771 1042 coarguendo
793 960 840 1024 ita
862 957 1063 1024 adversarios
1089 956 1123 1022 in
1152 972 1208 1022 an·

183 1063 306 1146 gestias
328 1061 537 1146 perduceret,
560 1067 598 1128 ut
621 1083 684 1144 quo
706 1083 741 1128 se
763 1061 964 1146 expedirent,
988 1060 1145 1128 haberent
1161 1059 1208 1124 ιιι·

186 1165 230 1232 hil
252 1172 286 1232 et
306 1165 528 1234 obmutescere
549 1173 749 1250 cogerentur.
803 1165 894 1244 Quae
922 1167 1008 1236 ratio
1037 1187 1113 1232 num
1142 1165 1209 1230 dia·

183 1270 296 1338 lection
327 1271 436 1355 potius
466 1290 563 1354 quam
596 1272 726 1338 eristiea
752 1270 944 1355 appellanda
971 1271 1032 1350 sit,
1062 1270 1210 1354 equidem

184 1397 246 1444 non
268 1377 413 1442 dixerim.
458 1375 543 1440 lllud
563 1382 650 1442 certe
673 1375 830 1444 affirmari
859 1397 954 1460 posse
980 1375 1123 1456 videtur,
1153 1375 1209 1440 Ze·

183 1501 295 1546 nonem
317 1480 421 1563 megis
442 1479 477 1547 in
498 1499 537 1546 eo
559 1485 721 1546 versatum
742 1501 829 1561 esse,
853 1486 889 1546 nt
907 1480 1118 1560 Parmenidis,
1141 1499 1208 1544 ma·

183 1585 275 1668 gistri
297 1585 349 1650 sui
371 1582 574 1650 adversarios
596 1585 755 1650 refelleret
770 1588 902 1670 ejusque
915 1585 1118 1668 disciplinam
1135 1603 1209 1648 eon·

182 1697 234 1756 tra
255 1689 392 1756 aliorum
414 1689 630 1756 dissensiones
652 1688 798 1754 firmaret
819 1695 853 1754 et
873 1688 1015 1768 fulciret,
1047 1709 1144 1772 quam
1172 1693 1209 1752 ιιι

181 1794 251 1878 ipse
274 1794 444 1860 dialectica
464 1781 506 1858 ad
530 1815 612 1860 nova
634 1793 760 1876 aliqua,
784 1813 902 1877 magne
923 1793 1131 1876 praesertim,
1161 1793 1208 1856 in·

182 1897 337 1966 venienda
357 1903 391 1966 et
414 1897 587 1964 statuenda
608 1901 763 1964 uteretur.
815 1897 859 1962 Et
880 1901 957 1962 sunt
986 1917 1130 1980 quoque,
1152 1897 1210 1979 qui

184 2002 269 2070 illius
291 2001 384 2070 illum
405 2002 532 2082 librum,
555 2003 612 2086 qui
633 2001 797 2068 aPletone
811 2002 847 2066 in
861 2001 1053 2066 Perme'nide
1066 2000 1109 2085 16)
1125 2022 1209 2066 eom-

183 2113 388 2187 memoratur‚
411 2113 542 2191 praeter
564 2107 749 2191 quemnihil
770 2106 858 2174 aliud
877 2107 1031 2190 scriptum
1041 2105 1210 2189 reliquisse

183 2213 326 2293 ridetur,
349 2212 470 2298 dialogi
490 2215 594 2280 forma
607 2214 763 2297 scriptum
774 2235 845 2280 esse
855 2213 1028 2280 concedere
1038 2211 1143 2278 nolint
1155 2211 1207 2295 ι7).

247 2318 360 2402 Neque
381 2325 492 2384 tamen
520 2317 599 2384 haee
620 2319 757 2384 Zenonis
787 2316 975 2402 disputandi
1004 2318 1089 2382 ratio
1117 2317 1209 2400 parvi

182 2423 336 2489 momenti
361 2422 461 2488 fnisse
493 2423 707 2488 existimanda
737 2427 787 2510 est
818 2428 917 2507 atque
949 2421 1038 2486 haud
1066 2421 1133 2486 scio
1166 2441 1209 2486 an

182 2547 292 2592 omnes
327 2526 401 2592 illae
441 2548 551 2592 rerum
581 2527 837 2607 immutationes,
880 2547 963 2609 quoe
996 2525 1209 2610 paulloopost

183 2651 282 2712 quum
301 2630 380 2698 alibi
401 2632 436 2696 in
459 2629 612 2710 Graecia,
643 2636 714 2694 tum
738 2631 875 2696 Athenis
897 2636 1026 2696 secutae
1049 2635 1138 2709 sunt,
1170 2650 1208 2694 ex

182 2733 238 2800 illa
259 2739 331 2801 arte
353 2740 520 2819 tamquam
542 2755 582 2800 ex
603 2735 763 2800 communi
786 2733 927 2818 quodam
948 2734 1036 2800 fonte
1049 2732 1208 2817 profluxe-

182 2839 256 2904 rint.
302 2837 409 2917 Quum
430 2841 514 2908 enim
536 2861 595 2925 per
618 2860 669 2920 se,
692 2839 749 2922 qui
770 2839 852 2906 bene
874 2839 1005 2908 disserit
1014 2851 1028 2919 ,’
1048 2839 1208 2906 confiden-

181 2943 260 3010 tiam
282 2945 446 3028 qnandam
464 2946 515 3012 sui
537 2944 753 3024 nanciscatur,
777 2964 842 3027 qua
864 2943 979 3010 ductus
1001 2963 1037 3010 se
1051 2964 1207 3028 quaeque,

182 3069 279 3134 qnam
300 3049 457 3130 alterum,
485 3049 600 3116 melius
620 3048 708 3114 scire
724 3049 875 3132 opinetur
895 3047 1091 3132 melioraque
1112 3069 1208 3131 posse

181 3153 315 3220 reddere
336 3161 446 3238 putet,
469 3161 538 3220 tum
559 3154 668 3220 nescio
690 3155 850 3238 quomodo
873 3153 916 3220 ad
936 3151 1137 3220 immutanda
1158 3173 1207 3230 ea,

183 3277 266 3342 qnae
289 3279 311 3322 a
333 3259 511 3345 majoribus
532 3259 655 3326 tradita
676 3260 850 3342 acceperit,
881 3257 966 3324 celer
992 3263 1026 3322 et
1053 3277 1217 3340 praeceps

181 3361 250 3430 lieri
273 3363 364 3430 solet.
410 3365 453 3430 lit
475 3365 628 3448 quoniam
649 3363 826 3449 dijudicare
841 3383 917 3428 vera
929 3360 1055 3427 etlalse
1069 3362 1207 3428 maxime

181 3467 326 3534 homines
348 3468 451 3548 decet,
474 3466 644 3534 dialectiea
665 3473 729 3548 est,
753 3487 775 3532 a
795 3466 912 3551 quaid
931 3466 1135 3549 potissimum
1158 3485 1208 3531 re.

180 3570 247 3654 peti
268 3571 382 3654 possit.
434 3570 549 3655 Itaque
571 3591 671 3656 quum
691 3553 801 3652 nemo,
836 3569 898 3636 nisi
926 3570 984 3653 qui
1010 3573 1097 3634 recte
1120 3569 1207 3654 judi-

179 3675 273 3741 eendi
296 3681 329 3740 et
349 3676 595 3760 argumentandi
625 3675 778 3742 lacidtete
807 3675 917 3760 aliqua
949 3676 1128 3740 instructus
1154 3675 1206 3746 sit,

178 3779 211 3844 in
232 3777 342 3863 aliquo
364 3801 498 3846 numero
520 3801 590 3848 esse
612 3783 732 3865 possit,
755 3783 873 3848 mirum
894 3787 959 3860 est,
984 3779 1071 3864 quod
1090 3778 1206 3846 Graeci

177 3886 387 3970 inprimisque
410 3883 621 3954 Athenienses
640 3887 748 3954 subito
770 3891 863 3952 tanto
885 3905 993 3952 amore
1002 3883 1085 3952 hanc
1100 3891 1206 3950 artem

236 4024 269 4030 .-
285 4021 386 4030 ..ο-..ικ-

236 4091 283 4162 ιι)
308 4094 353 4146 ιιι
373 4095 465 4148 ress.
484 4113 505 4148 ι.
524 4097 542 4150 ι
560 4107 584 4150 ιι
603 4099 627 4150 s.
721 4096 767 4164 ιι)
785 4114 808 4164 ρ.
829 4097 889 4160 ιιι,
907 4098 925 4148 c
941 4111 978 4160 η.
1076 4092 1121 4162 ιι)
1141 4095 1205 4150 za-

178 4174 217 4236 ιη
235 4184 251 4236 ι
269 4200 290 4234 e.
310 4184 335 4234 r.
354 4185 363 4236 1
383 4200 407 4250 p.
426 4187 487 4240 ιιι.
