2870 5076
541 439 751 508 „5³1-

9 645 10 648 τ
86 617 129 674 est
147 609 276 678 materie
297 607 368 675 eive
389 607 603 694 subeuntum,
631 609 766 678 alterum
788 609 835 676 rei
857 611 962 678 forme
983 617 1016 674 et
1036 606 1143 686 notio,
1165 614 1227 674 ter·

84 717 155 784 tium
174 717 205 785 id
225 719 311 808 quod
334 718 379 786 illi
403 730 451 788 est
473 720 681 802 contrarium,
704 722 734 786 b.
751 742 778 786 e.
802 720 941 808 privatio
956 717 990 805 ¹).
1025 716 1227 806 Unumquid-

85 851 142 916 que
160 829 256 916 igitur
277 829 316 896 fit
336 851 356 894 e
376 828 538 896 substrato
561 830 646 918 quod
674 831 780 898 forma
809 826 996 918 recipienda
1018 837 1115 893 earet.
1153 825 1227 906 Quo

84 937 220 1024 efficitur,
243 949 279 1006 ut
299 949 401 1006 status
423 949 457 1006 et
471 938 611 1008 conditio
627 939 791 1023 substrati,
814 939 1000 1028 priusquam
1017 938 1156 1004 formam
1179 959 1229 1002 eo·

83 1045 166 1134 oipit,
190 1049 289 1116 stetui
311 1051 366 1138 qui
388 1050 492 1118 forma
513 1059 649 1136 accepta
670 1049 816 1137 sequitur
839 1047 1000 1116 eontraria
1019 1069 1089 1114 esse
1114 1047 1226 1124 soleat,

81 1163 168 1244 atque
189 1158 344 1246 privatio,
367 1169 454 1226 uerte
476 1179 559 1246 quae
581 1159 677 1247 plena
699 1183 736 1226 ae
759 1159 906 1248 periente
928 1167 994 1240 est,
1016 1155 1166 1246 opposita
1187 1156 1229 1222 κά

81 1265 203 1334 bimae.
248 1269 332 1334 Nam
355 1269 411 1335 nbi
432 1267 512 1336 ordo
535 1291 599 1335 uon
622 1280 689 1348 est,
717 1268 862 1336 confusio
885 1279 934 1334 eet
958 1292 995 1333 ae
1019 1265 1228 1355 perturbatio,

79 1373 128 1440 ubi
148 1376 202 1442 lux
225 1375 333 1460 deest,
356 1377 474 1444 adsunt
495 1378 667 1460 tenebrae,
690 1379 851 1448 litteratus
874 1377 928 1466 qui
951 1399 1016 1442 nou
1040 1387 1105 1457 est,
1129 1375 1156 1440 is
1179 1385 1229 1440 est

78 1482 291 1572 illitteratus').
339 1489 484 1576 Apparet
506 1499 615 1556 autem
638 1489 850 1576 privationem
878 1510 943 1554 non
967 1484 1136 1574 cognosci,
1167 1483 1227 1550 nisi

79 1593 226 1662 rab‘ouem
249 1597 369 1662 babeas
393 1597 516 1664 formae
538 1599 568 1664 ei
591 1599 769 1688 oppositae,
791 1619 898 1686 neque
914 1619 972 1684 per
987 1617 1023 1660 se
1041 1595 1227 1676 consistere,

79 1701 130 1768 set
153 1727 280 1793 semper
314 1709 403 1774 oerni
436 1709 469 1775 in
502 1708 676 1776 substrato.
722 1709 839 1794 Itaque
866 1707 1063 1772 substratum
1092 1725 1134 1772 ex
1162 1726 1227 1792 quo

79 1813 148 1900 quid
168 1815 223 1899 iit,
254 1815 390 1905 duplicis
412 1817 650 1908 quodammodo
673 1827 723 1883 est
744 1827 891 1884 naturae.
937 1818 1024 1883 Nam
1046 1838 1111 1881 nna
1132 1815 1165 1880 iu
1189 1835 1227 1878 eo

77 1921 152 1990 inest
181 1925 338 2013 privatio,
366 1929 465 1996 veluti
494 1929 589 1996 bomo
617 1929 778 1994 litteratus
808 1927 844 1992 fit
872 1949 912 1992 ex
943 1927 1073 1994 bomine
1096 1925 1150 2014 qui
1179 1933 1229 1990 est

78 2031 251 2101 illitteratus
264 2035 299 2121 ⁸).
345 2036 450 2117 Quem
473 2039 514 2106 ob
537 2063 667 2106 oausam
696 2035 904 2126 reprehendit
925 2035 1096 2104 Platonem
1119 2034 1228 2124 etqui

78 2161 144 2210 eum
170 2156 359 2234 sequuntur,
391 2149 478 2236 quod
507 2149 667 2237 duplicem
698 2150 781 2213 bano
811 2148 965 2212 substrati
992 2155 1141 2213 naturam
1163 2167 1227 2210 non

77 2249 316 2341 distinxeriut⁴).
349 2257 552 2326 Intellexisse
576 2259 706 2348 quidem
722 2259 767 2324 ait
781 2258 852 2323 illos
868 2281 949 2346 opus
973 2280 1044 2323 esse
1066 2257 1228 2323 substrato

76 2461 116 2510 καλ
132 2457 167 2514 rei
184 2459 289 2518 τούτων
305 2461 416 2532 μεταξύ.
435 2463 468 2519 τὰ
487 2466 520 2521 ἀὲ
536 2464 639 2538 μεταξύ
653 2467 684 2520 ἐκ
696 2467 751 2520 τών
763 2465 896 2520 ἐναντίων
914 2463 999 2530 ίστίν,
1018 2456 1078 2519 οἷον
1092 2459 1228 2535 χρώματα

4 2625 5 2628 ¹
76 2543 102 2598 ίκ
118 2549 216 2600 λευκοῦ
234 2551 282 2602 καλ
297 2553 430 2621 μέλανος·
455 2550 523 2608 ώοτε
549 2551 634 2608 πάντ’
655 2548 749 2617 ἀνείη
771 2549 804 2604 τὰ
827 2549 912 2620 φύσει
929 2545 1064 2621 γινόμενα
1082 2547 1098 2618 ἢ
1117 2552 1228 2608 ἐναντία

4 2645 5 2648 ’
76 2627 132 2696 let
148 2635 290 2693 ἐναντίαν.

143 2723 161 2788 ¹)
179 2725 211 2780 Ῑι.
228 2726 247 2782 l.
265 2727 288 2790 l,
308 2731 332 2780 7.
353 2731 418 2780 root
433 2747 451 2780 a
467 2733 510 2780 ¹22
532 2731 585 2797 μία
607 2727 662 2798 μὲν
685 2722 736 2782 οὖν
761 2722 832 2796 ἀρχὴ
851 2721 918 2790 αὕτη
937 2723 1229 2798 (militinensem

75 2805 151 2876 φύσις
170 2813 228 2864 eive
245 2808 261 2876 ri
279 2810 350 2880 ὕλη),
377 2809 430 2883 οὐχ
453 2811 524 2869 οὕτω
542 2820 595 2885 μία
614 2809 686 2868 orion
704 2812 771 2870 root
793 2811 878 2874 οὕτως
896 2812 926 2868 ἓν
945 2810 1041 2880 (οὕτως
1059 2807 1093 2869 ὅν
1111 2817 1230 2868 soribeu·

75 2895 128 2948 am
147 2907 195 2952 ια
233 2900 273 2954 οι.
292 2903 419 2958 uomens
438 2904 537 2958 rnna.
554 2905 621 2968 xu,
645 2921 669 2971 p.
689 2906 749 2957 eso.
784 2905 889 2956 uonna
907 2903 1016 2956 assas
1036 2903 1109 2956 etue.
1127 2919 1153 2970 p.
1168 2902 1229 2966 rea)

74 2979 149 3042 ὅστά
167 2982 230 3040 τόδε
249 3006 288 3050 τι,
311 2992 364 3054 μία
383 2986 414 3040 δὲ
434 2975 451 3062 ᾗ
470 2985 485 3041 ὁ
505 2985 588 3056 λόγος
605 2993 714 3059 (optimo
734 2991 837 3044 Bonita·
857 2991 874 3042 l.
893 2989 910 3041 l.
937 2993 1040 3057 ρ.1θ1ι
1064 2994 1116 3060 μία
1140 2988 1172 3042 ἀλ
1198 2985 1227 3042 τὸ
1336 3011 1340 3018 ’

75 3069 139 3132 ιλιλος
156 3069 173 3142 ἢ
192 3071 207 3127 ὁ
226 3070 328 3143 λόγος),
347 3075 385 3130 ἔτι
405 3075 436 3128 ἀλ
454 3073 485 3131 τὸ
505 3076 632 3132 ἐναντίον
649 3075 736 3146 τούτῳ
753 3074 769 3144 ἡ
788 3081 920 3146 στέρησις.

141 3163 242 3230 ἾΜσί.
262 3164 295 3226 Θ,
315 3167 339 3215 λ.
360 3165 458 3217 totth
474 3169 522 3216 lt:
546 3159 634 3234 ἡγὰρ
659 3169 782 3233 στέρησις
800 3160 815 3232 'l
833 3160 926 3236 πρώτη
949 3161 979 3216 τὸ
999 3163 1135 3229 ἐναντίον,
1160 3160 1229 3230 αὕτη

76 3245 99 3298 θ’
116 3241 251 3318 ἀποφορὰ
269 3253 397 3318 θατίροσ.
431 3253 498 3318 Li.
519 3257 586 3306 1055
599 3270 617 3307 ε
629 3257 675 3306 aa:
695 3248 788 3322 πρώτη
807 3251 838 3306 ἀλ
858 3251 1016 3311 ἐναντίωσις
1033 3250 1085 3312 ἕξις
1102 3253 1151 3304 καλ
1168 3253 1229 3304 στί-

74 3341 143 3404 prote
165 3335 248 3392 ίστιν·
274 3334 307 3390 οὐ
330 3339 408 3392 πᾶσα
436 3337 467 3394 ἀλ
492 3342 616 3410 στέρησις
643 3339 801 3409 (πολλαχῶς
826 3337 881 3408 γὰρ
909 3338 1015 3408 λέγεται
1042 3334 1059 3404 ἡ
1083 3339 1228 3410 στίρησιι),

75 3417 128 3474 ἀλλ’
149 3420 205 3490 ἥτις
222 3419 258 3478 ἀν
275 3427 362 3480 τελεία
380 3419 406 3498 ᾖ.

138 3509 160 3578 ¹)
176 3512 259 3580 Pbys.
277 3513 300 3578 1,
320 3518 344 3568 t.
366 3519 414 3568 tao
427 3532 444 3566 a
458 3519 505 3566 14:
525 3515 615 3580 (τοῦτο
635 3513 693 3567 ἔστι
713 3512 828 3580 λαβεῖν),
847 3509 889 3566 ὅτι
907 3511 988 3566 θεῖοι
999 3510 1042 3568 ἀελ
1060 3509 1229 3568 ἀποκεῖσθαι

75 3593 100 3648 ri
116 3594 275 3669 γινόμενον,
293 3603 341 3654 καλ
357 3600 437 3654 τοῦτο
456 3603 482 3654 ελ
499 3603 548 3654 καλ
566 3596 679 3674 ἀριθμῷ
697 3601 772 3656 ίστλν
790 3599 830 3668 ἓν,
849 3598 913 3652 ἀλλ’
932 3599 998 3654 είιλει
1016 3619 1048 3670 γε
1067 3597 1120 3671 οὐχ
1137 3602 1177 3656 ἕν·
1197 3598 1227 3656 τὸ

74 3681 123 3754 γὰρ
146 3684 214 3743 aldes
238 3689 309 3758 λίγα
331 3688 378 3740 καλ
405 3683 479 3757 λόγῳ
505 3687 615 3744 aalide·
639 3689 672 3742 orl
697 3689 752 3759 γὰρ
776 3684 877 3742 ταώτάν
899 3686 929 3742 vti
959 3685 1100 3759 ἀνθρώπῳ
1126 3691 1174 3742 καλ
1197 3685 1227 3741 κά

74 3765 181 3842 ἀμούσῳ
200 3771 279 3830 ελναι.
310 3780 357 3828 191
372 3793 388 3828 a
404 3785 431 3828 la
450 3775 544 3846 ἕτερον
562 3777 618 3845 γὰρ
635 3777 673 3844 τῷ
690 3771 832 3844 ἀνθρώπῳ
851 3779 897 3830 καλ
915 3779 952 3844 τῷ
970 3773 1085 3847 ἀμούσῳ
1103 3773 1133 3830 τό
1147 3775 1228 3841 εἶναι,

75 3861 116 3910 καλ
133 3859 161 3916 τὸ
180 3857 376 3930 ἀσχηματίστῳ
395 3865 441 3914 καλ
455 3865 562 3932 χαλκῷ.
593 3866 645 3917 Ρτο
658 3865 756 3931 quibus
769 3867 904 3932 sequimur
917 3867 1068 3918 Bouitnium
1081 3865 1098 3920 l.
1109 3865 1127 3917 1.
1141 3883 1165 3934 p.
1178 3867 1228 3916 188

74 3949 148 4002 turibi
171 3950 321 4004 iubentem
346 3947 439 4017 ἕτερον
463 3947 518 4020 γὰρ
542 3949 572 4006 τὸ
597 3947 738 4020 ἀνθρώπῳ
762 3953 810 4004 καλ
831 3949 860 4004 τὸ
885 3947 1000 4021 ἀμοώσρ
1023 3949 1107 4020 είναι,
1130 3952 1178 4004 καλ
1196 3947 1226 4004 τὸ

75 4031 265 4108 ἀσχηματίστφ
280 4036 328 4089 καλ
342 4039 448 4106 χαλκῷ.

141 4123 163 4190 ⁴)
181 4125 213 4178 λι.
231 4124 251 4176 1.
271 4125 292 4188 l,
312 4130 336 4177 a.
358 4131 407 4178 111
420 4143 437 4180 ε
451 4132 479 4179 lt
502 4123 560 4180 είτα
578 4127 706 4196 φαίνεται
726 4122 828 4192 αὐτοῖς,
847 4131 924 4195 είτιερ
942 4125 1017 4180 ίστλν
1036 4122 1149 4196 ἀριθμῷ
1165 4129 1229 4196 μία,

77 4209 118 4260 rai
135 4207 253 4282 ἀονάμει
271 4217 324 4284 μία
341 4209 431 4284 μόνον
449 4211 528 4268 ελναι.
545 4213 626 4268 τοῦτο
645 4212 676 4267 ἀλ
695 4214 822 4284 ἀιαρίριι
841 4216 978 4270 πλεῖστον.
1005 4213 1080 4278 Quae
1091 4214 1230 4270 Preutlins

76 4295 268 4368 interpratur:
296 4303 409 4366 ,Feruor
426 4301 541 4370 glauben
560 4303 608 4366 aie,
627 4304 697 4366 ιλιιι,
717 4300 779 4356 vreil
793 4302 870 4368 jeuee
888 4303 1083 4356 Substauaielle
1100 4301 1146 4356 der
1163 4301 1231 4354 Zabi

77 4385 141 4438 neb
156 4389 239 4442 sines
259 4389 308 4454 ist,
333 4405 362 4442 ee
380 4389 449 4442 aueb
467 4389 512 4442 (ier
529 4389 628 4444 Potens
646 4391 712 4444 neuls
733 4391 815 4442 Eine·
838 4391 893 4452 seit
917 4391 992 4444 datin
1016 4389 1080 4444 aber
1102 4390 1170 4460 liept
1187 4389 1232 4442 eiu

76 4487 174 4540 eruar
191 4476 392 4532 nemanso·
429 4477 480 4531 Sed
498 4477 543 4532 bie
565 4481 699 4546 ροειοάια
715 4485 743 4534 et
760 4483 837 4532 sotus
856 4477 997 4532 ιλλσοτίιοοτι
1016 4477 1104 4534 losum
1122 4475 1232 4536 omnino
