2966 5072
319 665 381 708 von
402 644 607 710 Baumhauer
628 643 741 710 laudat
763 660 922 728 quemque
950 641 1122 726 prooemiis
1150 637 1341 704 delectatum

320 767 390 812 esse
412 748 490 813 dicit
511 753 720 831 secutumque
750 755 879 831 praeter
904 740 1071 812 Platonem
1099 745 1196 810 etiam
1219 739 1339 806 Aristo·

319 850 416 916 telem
432 851 506 938 196),
541 853 569 917 si
596 853 695 936 igitur
716 852 948 938 conjiciendum
975 855 1025 915 est
1049 849 1084 914 in
1105 847 1156 913 his
1184 844 1282 911 rebus
1303 859 1341 905 ex
1450 863 1451 868 ¹

321 955 484 1022 Ciceronis
506 977 571 1023 non
592 957 696 1022 solum
717 957 947 1023 consuetudine
975 955 1031 1021 sed
1061 955 1158 1022 etiam
1191 973 1232 1019 ex
1262 947 1339 1034 ipsis

319 1063 386 1146 ejus
408 1060 531 1144 verbis,
566 1081 605 1127 ex
628 1062 669 1127 iis
691 1062 771 1126 satis
794 1066 881 1126 certe
908 1059 1056 1144 colligere
1084 1076 1268 1144 possumus,
1300 1049 1340 1116 ab
1450 1091 1451 1100 κ

321 1164 495 1230 Aristotele
517 1152 652 1248 ¹quoque
679 1164 814 1249 dialogis
847 1164 1013 1249 prooemia
1040 1162 1243 1250 praescripta
1272 1173 1340 1222 esse
1450 1153 1451 1168 ¹

320 1287 421 1351 eaque
451 1269 531 1333 setis
561 1267 669 1352 ampla
697 1268 796 1334 trisse
825 1268 1013 1348 credideris,
1053 1268 1082 1334 si
1114 1287 1153 1332 ex
1180 1257 1340 1331 Ciceronis
1450 1325 1451 1336 ,

321 1371 455 1455 dialogis
478 1371 519 1436 de
537 1371 602 1436 illis
628 1373 786 1458 conjicere
813 1369 898 1438 licet.
954 1371 1018 1438 Sed
1046 1370 1186 1456 quidex
1213 1368 1274 1434 hac
1305 1381 1340 1426 re
1450 1351 1451 1440 Ῐ

320 1474 495 1540 discimus?
538 1475 620 1542 nihil
657 1495 735 1542 sane
771 1477 835 1542 nisi
863 1475 1070 1542 Aristotelem
1103 1475 1170 1542 suis
1206 1467 1338 1553 dialogis

318 1579 484 1662 prooemia
503 1599 561 1642 nec
582 1578 786 1664 praemisisse
809 1589 839 1642 et
859 1579 1071 1664 praemisisse.
1123 1578 1174 1643 Ex
1203 1596 1267 1662 quo
1293 1591 1339 1637 se-

318 1683 446 1766 quitur,
476 1688 513 1750 ut
535 1682 575 1748 de
589 1684 776 1750 Aristotelis
798 1683 971 1768 prooemiis
992 1682 1073 1748 nihil
1101 1681 1181 1748 certi
1205 1680 1341 1748 sciamus
1450 1683 1451 1740 ζ

318 1807 377 1854 nec
398 1794 509 1853 utrum
530 1788 695 1870 scripserit
716 1809 832 1870 necne,
856 1789 935 1854 satis
958 1788 1158 1872 exploratum
1179 1788 1233 1853 sit.
1258 1835 1261 1842 .

383 1891 502 1958 Cetera
523 1891 609 1957 velut
630 1891 750 1958 leviora
766 1892 947 1977 nulliusque
961 1893 1115 1959 momenti
1127 1897 1339 1963 transeamus,

318 1997 469 2078 utillud,
493 1995 533 2062 de
555 2017 620 2080 quo
642 1997 792 2063 dubitare
813 1999 929 2081 possis,
952 1997 1040 2080 quod
1060 2017 1122 2062 von
1137 1993 1340 2061 Banmhauer
1450 2007 1451 2016 ³

318 2101 416 2167 verba
446 2100 653 2166 »Aristotelio
688 2121 778 2166 more
813 2102 847 2166 in
876 2101 1094 2184 disputatione
1126 2119 1165 2166 ac
1193 2097 1339 2180 dialogo«

318 2206 497 2272 arctissime
518 2206 740 2292 conjungenda
761 2225 832 2272 esse
853 2205 1034 2272 arbitratur
1061 2205 1131 2286 ita,
1158 2210 1196 2270 ut
1218 2201 1340 2269 Aristo·
1372 2297 1374 2302 V
1450 2217 1451 2282 j

317 2310 414 2376 telius
435 2322 505 2376 mos
527 2309 570 2374 ad
591 2316 762 2394 utrumque
792 2311 971 2376 membrum
998 2315 1034 2376 et
1062 2310 1105 2375 ad
1133 2313 1166 2374 iu
1197 2309 1339 2391 dispula-

318 2417 400 2480 tone
421 2419 454 2479 et
475 2413 517 2479 ad
539 2417 572 2478 in
593 2419 719 2498 dioloyo
739 2415 926 2481 referendus
947 2415 1001 2481 sit.
1060 2429 1063 2439 “

384 2516 448 2583 Sed
470 2519 594 2600 vereor,
614 2540 655 2584 ne
674 2523 742 2605 jam
762 2520 857 2586 nimis
880 2519 984 2586 multa
1006 2519 1046 2585 de
1067 2518 1118 2586 his
1140 2518 1238 2586 rebus
1254 2515 1340 2582 dixe·

319 2624 381 2688 rim
406 2623 601 2707 nimiumque
631 2623 687 2688 diu
714 2621 850 2689 aliorum
876 2623 1079 2690 recensendis
1109 2623 1277 2690 sententiis
1299 2617 1340 2682 le·

320 2735 426 2794 ctores
447 2733 593 2794 moratus
622 2728 691 2796 sim.
735 2729 779 2794 lt
802 2728 886 2796 enim
912 2719 1050 2795 lectores
1071 2731 1221 2813 ignorare
1243 2721 1339 2801 nolui,

321 2838 479 2916 quantum
509 2831 584 2898 huic
617 2833 798 2916 quaestioni
824 2829 1031 2918 explicandae
1061 2833 1160 2898 studii
1189 2840 1222 2900 et
1247 2845 1341 2897 curae

300 2938 380 3004 ¹viri
412 2935 500 3003 docti
528 2936 693 3020 impertire
721 2935 891 3003 voluerint.
946 2937 1020 3002 dam
1048 2936 1149 3020 igitur
1179 2937 1341 3004 videamus

319 3037 449 3107 tandem
472 3037 644 3124 aliquando
666 3039 749 3124 ipsi,
782 3039 861 3125 quid
887 3041 927 3106 de
953 3040 1015 3106 hoc
1040 3041 1229 3110 Aristotelio
1255 3055 1342 3106 more

316 3145 524 3231 judicandum
546 3145 605 3225 sit,
629 3143 670 3210 de
693 3166 756 3228 quo
778 3167 877 3230 quum
895 3144 1030 3226 multae,
1052 3151 1090 3211 ut
1111 3147 1265 3228 vidimust,
1287 3161 1341 3209 no·

320 3252 398 3317 stris
415 3248 615 3333 temporibus
630 3251 810 3316 sententiae
822 3255 959 3330 exstent,
983 3249 1095 3334 religio
1117 3257 1256 3332 nonest,
1279 3261 1341 3331 quo

320 3356 425 3420 minus
438 3373 548 3419 earum
559 3373 692 3420 numero
713 3375 829 3420 noram
851 3353 1002 3439 aliquam,
1025 3355 1164 3422 fortasse
1176 3357 1340 3428 veriorem,

320 3460 487 3526 addamus.

385 3562 461 3629 Sine
484 3563 582 3629 dubio
609 3563 650 3629 de
679 3582 718 3629 eo
744 3582 809 3629 non
836 3568 889 3628 tot
917 3568 1051 3646 tamque
1085 3561 1231 3630 diversae
1260 3563 1343 3628 inter

322 3687 357 3734 se
377 3669 520 3734 virorum
545 3667 714 3734 doctorum
740 3667 919 3732 sententiae
951 3671 1058 3732 essent
1090 3673 1235 3749 exortae,
1274 3664 1342 3728 sia

322 3771 476 3838 Cicerone
497 3792 561 3837 uno
584 3771 653 3836 solo
675 3770 816 3836 alterove
838 3769 908 3836 loco
931 3773 1000 3856 ejus
1014 3772 1134 3836 mentio
1146 3771 1233 3836 lacta
1250 3769 1340 3836 esset.

321 3877 417 3942 Velut
438 3877 466 3941 si
487 3880 630 3941 exstaret
651 3880 780 3940 tantum
806 3874 897 3940 locus
919 3873 974 3940 ille
999 3874 1042 3940 ad
1064 3877 1148 3939 Fam.
1170 3875 1200 3957 Ι,
1233 3881 1267 3953 9,
1291 3871 1341 3946 23,

321 3981 386 4063 vix,
406 3981 538 4064 opinor,
562 3985 686 4058 essent,
710 3979 765 4064 qui
789 3979 829 4042 de
851 3999 890 4044 ea
911 3999 948 4044 re
971 3983 1173 4068 quaererent,
1195 3976 1342 4066 quoniam

327 4113 533 4128 m.-

396 4173 460 4242 196)
478 4176 503 4224 L.
522 4191 542 4224 c.
562 4191 585 4238 p.
603 4174 646 4226 88.
