2966 5072
643 521 685 584 43

154 691 289 772 pugnat,
318 705 417 770 quam
437 684 472 752 id
493 691 610 770 postea
629 687 672 754 ab
692 708 730 754 eo
751 686 874 754 foetum
894 706 969 753 esse
993 686 1131 768 seimus,
1161 707 1182 752 a
1235 690 1241 698 “

156 790 271 876 quibus
293 791 358 858 etsi
377 791 413 858 in
434 812 558 858 summo
586 790 674 858 bono
702 790 930 874 constituendo
959 811 1025 857 non
1053 789 1181 876 profisi-

154 895 303 962 soandum
323 915 396 961 esse
416 901 542 978 censet,
572 901 680 963 tamen
700 917 756 964 eas
785 894 924 981 quodam
944 894 1042 962 modo
1062 895 1181 964 retinet

86 1064 100 1078 ,
156 1005 187 1066 ot
205 999 293 1066 tueri
314 997 511 1086 videtur95).
806 1029 809 1036 ¹

216 1105 328 1184 Quid?
362 1106 449 1190 quod
477 1105 539 1172 hae
568 1105 804 1190 disputationes
841 1107 980 1192 speeiem
1015 1103 1181 1191 quendam

155 1208 275 1294 dialogi
296 1229 377 1294 prae
405 1229 441 1276 se
469 1209 587 1276 lenmt.
640 1209 835 1294 Saepissime
868 1211 953 1276 onim
981 1230 1046 1276 non
1076 1207 1180 1276 solum

156 1313 221 1398 ipse
242 1314 502 1399 interregnum),
532 1313 626 1398 quasi
656 1335 765 1380 coram
794 1315 857 1396 sit,
887 1315 945 1400 qui
973 1313 1178 1398 respondeat,

154 1417 208 1486 sed
231 1437 329 1502 saepe
351 1420 451 1484 etiam
472 1419 553 1484 alios
574 1423 742 1503 tamquam
756 1420 912 1486 sermonis
924 1425 1036 1503 partes
1058 1417 1178 1484 haben·
1319 1503 1323 1512 ,

152 1527 198 1588 tos
220 1542 281 1606 per
302 1525 404 1606 inquit
424 1528 457 1588 et
478 1527 622 1608 inquinat
635 1524 877 1610 introdusit97).
922 1525 1011 1590 Etsi
1032 1522 1177 1607 dialogus

152 1647 214 1694 non
236 1625 342 1694 solnm
363 1629 392 1694 is
414 1627 550 1710 dieitur,
581 1629 638 1713 qui
659 1651 732 1696 oum
761 1629 866 1696 altero
894 1627 1123 1712 interrogando
1146 1628 1179 1692 et

125 1730 378 1815 ·respondendo
408 1732 604 1814 instituitur,
642 1753 752 1798 verum
785 1734 883 1799 otiam
921 1731 1039 1816 dialogi
1075 1730 1178 1798 simile

154 1835 326 1920 quidesse
347 1835 490 1919 videtur,
524 1836 647 1921 siquis
673 1857 781 1902 seeum
809 1837 882 1920 ipso
910 1841 1087 1929 tamquam¹
1105 1833 1178 1902 oum

155 1938 257 2005 altero
291 1937 502 2006 ooniabulans
537 1960 615 2006 vose
643 1961 709 2006 non
737 1940 856 2005 emissa
882 1939 1112 2025 interrogando
1144 1944 1179 2006 et

151 2041 374 2128 respondendo
389 2031 553 2110 sermones
574 2043 747 2129 versatu),
769 2043 857 2110 haud
876 2045 944 2111 seio
965 2065 1008 2110 an
1029 2044 1096 2112 hae·
1113 2045 1176 2111 dis·

150 2149 339 2234 qnisitiones
361 2149 481 2233 magis,
511 2151 609 2232 quam
629 2148 697 2214 ulla
718 2148 799 2232 elia,
834 2168 917 2234 qnae
936 2149 1082 2216 novimus
1103 2148 1176 2214 Ari·

149 2253 276 2320 stotelis
309 2252 450 2336 scripta,
483 2251 685 2336 dialogorum
716 2254 847 2320 nomine
877 2252 1066 2320 referendae
1101 2252 1175 2332 sint,

152 2377 350 2442 quemqnam
372 2355 534 2440 dialogum
554 2355 591 2421 in
609 2355 650 2421 iis
672 2362 915 2423 evanescentem
936 2361 970 2422 et
992 2357 1086 2440 quasi
1107 2357 1175 2421 ani·

151 2483 236 2530 mam
267 2461 432 2528 efflantem
461 2461 615 2527 videmus.
664 2460 747 2528 Sunt
777 2463 916 2528 fortasse
948 2461 984 2528 hi
1015 2461 1092 2529 libri
1120 2461 1177 2528 illa

146 2564 335 2650 ἔξυπριιά,
380 2584 464 2649 qnae
497 2563 608 2630 Gieeno
650 2583 752 2649 aeque
788 2586 828 2632 ae
859 2567 1105 2632 oommentanios
1135 2565 1175 2630 de

148 2689 274 2736 summo
296 2668 381 2736 bono
391 2689 463 2735 esse
478 2668 536 2734 sed
550 2666 752 2752 populanter
762 2675 795 2734 et
811 2670 917 2734 minus
928 2668 1039 2736 limate
1053 2669 1176 2752 sonipta

146 2773 246 2840 fnisse
267 2771 475 2857 affirmat99).
513 2771 610 2840 'Siout
631 2791 746 2839 revera
766 2772 834 2838 fare
851 2779 937 2838 sunt.
980 2772 1065 2838 Nam
1084 2773 1119 2837 in
1133 2773 1174 2836 iis

145 2875 334 2944 desummo
356 2875 442 2942 bono
465 2877 605 2962 egijom
634 2877 746 2944 datin
767 2876 810 2944 ab
830 2876 922 2942 initio
945 2876 1032 2942 osmi
1053 2880 1172 2960 potest.

146 2979 353 3065 Populariter
381 2983 489 3045 antem
520 2985 553 3046 et
581 2981 687 3046 minus
719 2979 830 3046 limate
863 2979 1001 3062 scripta,
1034 2978 1063 3044 si
1095 2977 1174 3062 quid

143 3085 255 3166 video,
288 3103 330 3150 ea
356 3081 398 3149 de
427 3103 526 3150 causa
548 3084 642 3167 dicit,
676 3085 753 3170 qnia
783 3084 819 3152 in
848 3083 980 3150 sunumis
1009 3081 1107 3148 rebus
1136 3087 1174 3148 ut

143 3187 336 3274 popularem
356 3187 398 3254 ds
413 3209 540 3273 quaque
553 3209 589 3254 re
601 3190 783 3276 opinionem
793 3188 982 3273 respexerit,
1006 3189 1053 3254 sio
1073 3188 1173 3254 etiam

143 3292 253 3360 dioere
276 3292 339 3359 sibi
359 3292 458 3360 linere
479 3293 526 3360 ad¹
545 3315 617 3360 eam
637 3296 810 3378 putavenit
832 3294 929 3360 modo
951 3295 1045 3362 nimis
1067 3294 1171 3362 breui·

141 3403 204 3480 ter,
225 3395 324 3464 modo
346 3395 474 3482 longius
496 3397 661 3480 sisinius,
683 3397 846 3464 interdum
865 3397 972 3464 minus
986 3398 1170 3466 ordinatim.

143 3501 249 3580 Quam
270 3500 429 3584 breviter,
460 3521 600 3587 quaeso,
631 3502 709 3570 dieit
731 3501 772 3569 de
792 3505 1108 3590 temperantin¹⁰⁰)‚
1131 3503 1172 3572 de

140 3605 342 3672 liberalitate
356 3608 436 3693 ¹⁰¹),
479 3607 520 3674 de
556 3608 789 3693 amidtia¹⁰²)‚
823 3613 861 3675 ut
895 3609 977 3676 nlius
1007 3609 1171 3692 omittam

140 3711 274 3778 uberius
294 3711 426 3796 exponit
448 3711 489 3778 de
503 3712 694 3780 fortitudine
710 3713 784 3799 ¹⁰³),
808 3713 848 3780 da
860 3713 990 3800 justitia
1001 3714 1070 3800 ιθ’),
1087 3713 1168 3782 aliis.

217 3875 268 3947 95)
285 3877 304 3944 l,
325 3879 349 3943 l,
370 3881 402 3934 12
421 3889 443 3933 et
461 3883 492 3934 21
513 3900 549 3952 sq.
680 3881 1168 3952 96)Ι,1,12,13,16;1,2,,8,

139 3969 379 4037 9,19αωερίιιε.
489 3972 714 4043 97)11,3,15;
741 3974 775 4036 11,
794 3973 825 4037 d,
845 3973 876 4038 8;
905 3973 1109 4037 11,7,19,11;
1138 3975 1168 4034 11,
1242 3999 1255 4018 s

140 4057 181 4118 11,
203 4059 246 4110 12.
393 4058 442 4129 98)
459 4065 489 4114 ol.
507 4071 556 4115 not
574 4079 638 4115 num.
658 4064 684 4115 4.
837 4059 886 4132 99)
904 4063 937 4114 liu
955 4061 1014 4114 liin.
1032 4062 1060 4122 V,
1078 4060 1104 4124 ὅ,
1125 4059 1167 4112 12.

138 4145 305 4306 :33:2³2
405 4149 570 4218 tonum,
663 4149 729 4218 noa)
747 4151 827 4214 usa
926 4147 1166 4218 too)1,2o(m).

239 4273 247 4302 ,
305 4274 311 4288 .
