2966 5072
666 471 705 535 81

175 641 369 718 emotus,
392 643 430 702 ut
450 635 527 703 iibri
549 636 590 704 da
611 638 741 720 Anima,
764 637 839 704 libri
861 638 1138 708 dedecoratione
1160 649 1193 708 et

172 737 405 826 Conuptione,
438 741 697 810 Auscultationes
727 742 895 827 physicae,
925 744 1079 829 denique,
1111 765 1193 830 quae

171 844 316 912 nominat
337 846 377 909 τὰ
398 847 529 928 μεταξύ,
551 867 634 930 quae
655 846 763 912 media
784 853 859 912 sunt
880 848 968 914 inter
985 849 1023 912 sd
1043 849 1193 914 καθόλου

170 956 203 1016 ot
234 953 274 1016 sd
305 951 435 1036 μερικᾶ.
487 952 526 1016 In
547 950 652 1016 altero
674 950 829 1017 divisione
856 951 978 1036 scripto
999 949 1193 1038 ὑπομνημα-

168 1055 238 1118 uxd
262 1063 296 1122 et
318 1055 554 1139 σοπογμοακὰ
577 1055 763 1139 distinguit,
787 1075 924 1139 quorum
943 1055 1016 1137 illa,
1046 1055 1192 1142 simpro-

167 1163 305 1241 μοιιιό,
339 1165 617 1248 conjectaneorum
639 1165 672 1225 ct
701 1161 1003 1226 commeutsmomm
1022 1161 1128 1226 instar
1147 1160 1191 1228 ad

167 1265 342 1330 memoriae
364 1266 543 1332 subsidium
565 1265 660 1348 quasi
688 1264 846 1348 quasdam
866 1263 1047 1350 litterarum
1071 1266 1190 1348 copias,

166 1367 251 1433 unde
272 1367 367 1434 fusile
389 1371 417 1434 si
438 1391 501 1434 usu
523 1369 672 1448 venisset,
695 1367 907 1451 depromeret,
931 1368 1074 1436 brevitor
1095 1375 1129 1436 ot
1142 1372 1190 1438 in·

165 1457 294 1540 condite
317 1475 524 1558 congesserit.
567 1472 658 1540 Haec
673 1471 918 1556 ΐοτομνομοοκὰ
932 1475 1050 1540 iterum
1065 1475 1189 1557 dividit,

165 1582 202 1642 ut
224 1576 385 1661 quaedem
406 1597 518 1643 eorum
539 1578 606 1642 sint
627 1575 796 1661 μονοειδῆ,
823 1575 884 1640 hoo
907 1584 973 1658 est,
1007 1579 1042 1644 in
1072 1580 1189 1664 quibus

164 1680 205 1745 de
225 1701 292 1748 uns
312 1687 441 1747 tontum
461 1702 498 1746 re
519 1681 607 1746 velut
629 1681 669 1745 de
691 1681 816 1760 numa,
840 1679 880 1746 de
903 1680 1000 1748 Ocelo
1023 1688 1101 1762 cot,
1124 1683 1190 1750 alia

164 1785 314 1867 ποικίλα,
337 1787 444 1867 veria,
475 1787 510 1852 in
532 1785 650 1870 quibus
671 1785 711 1849 de
733 1783 879 1868 pluribus
902 1785 1000 1851 robus
1023 1788 1188 1870 quaesive-

164 1891 215 1955 rit.
237 1927 282 1939 -
303 1889 363 1955 His
385 1891 520 1974 opponit
542 1889 786 1973 curcumveni,
809 1909 892 1972 quae
914 1889 1087 1958 dictionem
1109 1911 1188 1976 quo·

162 2011 226 2076 quc
247 1999 280 2058 ct
302 1993 515 2064 elocutionem
535 1996 584 2060 rei
605 1995 668 2078 ipsi
690 1999 801 2077 aptam
823 1999 858 2060 et
874 1995 1186 2062 convenientemha·

162 2097 260 2162 beant
281 2103 315 2164 et
335 2105 598 2183 argumentorum
620 2099 703 2164 bene
724 2097 915 2181 dispositam
935 2097 1186 2168 distinctionem.

160 2203 429 2284 Σονεογμοοοοΐν
449 2203 554 2268 altera
579 2223 651 2268 esse
681 2199 867 2281 dsotorssc',
901 2203 1002 2270 altem
1025 2201 1189 2289 οὖιωιρό-
1271 2269 1273 2274 .

160 2323 270 2386 cm,-
290 2305 349 2371 ills
367 2327 463 2388 osso,
478 2327 562 2390 quae
576 2327 644 2374 non
663 2327 704 2372 ex
719 2327 779 2374 sue
792 2326 934 2390 persons
948 2307 1187 2391 conscripsciit,

159 2409 217 2475 sed
229 2411 264 2476 iu
277 2410 397 2494 quibus
411 2410 579 2476 Platonem
595 2415 724 2477 secutus
737 2409 873 2478 aliorum
885 2430 1042 2494 personas
1053 2409 1186 2495 loquen-

158 2521 208 2580 tes
235 2515 414 2596 imduxerit,
449 2535 530 2600 quse
551 2516 629 2599 quia
650 2515 684 2581 in
710 2534 805 2580 usum
827 2535 1027 2582 communem
1049 2521 1082 2582 et
1103 2517 1184 2584 inul-

156 2620 306 2686 titudinis
327 2619 452 2705 scripto
472 2619 610 2686 dilucide
640 2623 674 2685 ot
694 2621 864 2704 perspicue
884 2619 1022 2702 fuerint,
1054 2623 1185 2706 rejectis

156 2723 391 2792 difficilioribus
422 2724 740 2807 ratiocinationibus,
774 2725 943 2807 ἐξωτερικαὶ
977 2742 1105 2810 quoque
1126 2747 1183 2792 no-

156 2829 282 2894 minari.
325 2827 577 2914 Αοιοπρόσωπα
597 2847 686 2908 esse,
708 2828 743 2894 iu
764 2828 882 2914 quibus
901 2848 942 2897 ex
963 2848 1024 2894 suc
1044 2849 1184 2912 persons

155 2931 312 3015 dismas
341 2953 426 3018 quse
448 2933 560 2999 eadem
581 2934 689 2999 vocati
710 2931 953 3018 οἲιροομοοκοί,
976 2934 1064 3018 quod
1086 2936 1120 3001 in
1141 2935 1182 3004 iis

154 3037 238 3103 veiis
249 3043 283 3104 ot
292 3039 444 3122 perfectis
455 3037 657 3104 auditoribus
669 3037 839 3122 disciplina
848 3037 1009 3103 tradatur.
1042 3037 1181 3106 Maxime

153 3149 263 3208 eutem
278 3141 407 3210 differre
423 3143 502 3210 dicit
514 3141 686 3222 dsutormd
714 3143 758 3209 ab
780 3138 1054 3229 αὖτοπροσοόποις.
1098 3146 1182 3214 Nam

152 3248 186 3314 in
208 3245 473 3334 αιίοπροσώποις
504 3255 664 3332 quotenus
697 3247 741 3314 ad
768 3247 929 3332 perfectos
951 3249 1117 3316 auditores
1146 3251 1180 3317 in
1316 3285 1327 3304 ·

151 3351 202 3418 his
225 3351 375 3434 disserat,
398 3372 482 3435 quoe
504 3353 567 3418 sibi
589 3351 758 3418 videantur
768 3371 915 3437 quaeque
926 3355 1055 3435 sentiet,
1078 3353 1179 3420 subti-

151 3455 283 3523 lissimis
304 3457 387 3524 fulta
409 3458 607 3541 argumentis
630 3455 775 3522 exhiberi
796 3457 857 3538 ita,
891 3461 929 3522 ut
954 3456 1039 3542 vulgi
1069 3459 1179 3542 captui

151 3560 394 3628 accommodate
414 3581 481 3630 nou
509 3561 590 3642 siut3
621 3579 715 3626 secus
744 3580 814 3626 esse
845 3561 881 3626 in
903 3559 1112 3641 διαλογικοτς,
1145 3563 1179 3628 in

150 3665 268 3749 quibus
279 3664 415 3744 etiamsi,
429 3684 512 3748 quae
528 3663 591 3729 sibi
608 3663 788 3745 videantur,
800 3671 972 3748 proponat,
995 3685 1062 3732 nou
1069 3671 1179 3734 umen

149 3770 211 3843 ita,
243 3773 280 3833 ut
300 3767 387 3854 vulgi
406 3767 562 3854 J'udioium
583 3787 699 3852 capere
718 3769 924 3855 nequeat⁶⁶).
979 3769 1081 3835 Ponu
1103 3771 1178 3836 Am·

149 3872 291 3940 monium
334 3871 425 3956 sequi
458 3891 555 3955 quum
588 3871 631 3938 ad
664 3892 732 3936 rem
765 3878 911 3939 nostram
944 3893 1010 3938 non
1042 3877 1176 3958 spectet,

147 3977 344 4042 omittamus.

221 4197 270 4266 oo)
288 4199 313 4249 u
335 4200 443 4266 σαψ
470 4215 492 4264 ρ.
507 4199 531 4250 o.
551 4201 577 4252 n
597 4201 634 4252 u.
654 4201 733 4254 nou
760 4197 836 4253 suo.
