2966 5072
796 411 837 472 24

310 576 344 641 id
366 596 406 640 ne
427 575 616 642 tentandum
638 575 765 660 quidem
788 595 858 644 esse
881 576 1063 643 censebant.
1113 576 1177 642 Alii
1209 597 1244 644 se
1274 576 1337 642 rei·

310 679 458 766 publicae
481 679 646 746 commodo
669 680 718 746 vel
739 683 876 748 maxime
907 682 1037 748 studere
1060 675 1248 748 similantes
1270 702 1337 748 non

310 791 379 850 tam
400 783 561 850 libertatis
584 791 840 869 propugnatores
862 806 960 870 quem
981 785 1163 869 proditores
1178 806 1249 852 esse
1269 805 1338 850 ma·

311 887 432 954 lebant.
475 887 527 954 lte
546 887 735 971 discordiae,
759 889 904 970 avaritia,
927 911 1035 954 rerum
1050 911 1180 956 suarum
1194 890 1338 956 studium
1361 879 1367 896 '

312 991 443 1076 ubique,
480 992 579 1056 animi
607 993 838 1077 magnitudinis
864 998 896 1059 et
924 993 1131 1060 liberalitatis
1157 995 1224 1061 fere
1257 993 1339 1062 nihil

312 1101 369 1162 aut
391 1117 455 1161 non
477 1097 621 1162 multum.
665 1098 750 1163 Ante
773 1098 886 1167 omnia·
900 1095 1003 1183 magis
1025 1099 1148 1166 otiandi
1170 1105 1203 1164 et
1218 1098 1339 1166 delibe-

313 1201 406 1264 randi
428 1202 626 1280 consuetudo
648 1222 745 1286 quam
774 1201 889 1287 agendi
919 1203 1067 1270 celeritas
1099 1208 1132 1268 et
1154 1204 1340 1270 constantia

313 1305 435 1369 animos
458 1311 686 1389 occupaverat,
721 1307 814 1390 quasi
842 1327 918 1372 vero
945 1307 978 1372 in
1000 1311 1157 1392 majorum
1179 1307 1283 1392 gloria
1304 1311 1339 1372 et

311 1408 462 1474 laudibus
483 1415 649 1494 tamquam
671 1409 852 1505 hereditate
873 1413 1013 1495 acceptis
1035 1410 1178 1476 homines
1201 1410 1264 1476 sibi
1285 1429 1338 1476 ao·

313 1515 541 1596 quiescendum
563 1514 753 1580 statuissent
764 1515 818 1600 ⁵²).
863 1515 909 1582 Ut
937 1522 1045 1582 autem
1075 1522 1172 1582 antea
1192 1515 1339 1582 homines

313 1639 370 1702 per
397 1639 431 1683 se
453 1620 540 1702 ipsos
562 1624 681 1686 natura
703 1619 783 1686 duce
813 1641 851 1686 ac
879 1621 947 1688 vita
975 1621 1084 1704 magni
1115 1626 1148 1686 et
1179 1619 1340 1704 praeclari

314 1729 498 1805 evaserant,
532 1724 578 1789 sio
606 1729 677 1789 tum
704 1723 851 1803 doctrina
880 1730 913 1790 et
942 1730 1030 1794 artes
1059 1729 1226 1808 tamquam
1248 1723 1338 1809 adju·

313 1833 423 1892 menta
444 1828 590 1894 adhibita
611 1829 665 1894 vix
687 1830 863 1914 quidquam
886 1829 1012 1896 efficere
1034 1835 1194 1914 poterant.
1248 1827 1337 1894 Scili-

314 1937 364 1997 cet
387 1931 488 1998 virtus
511 1954 607 2017 aegre
629 1933 737 1998 doceri
758 1955 854 2016 posse
876 1933 1002 1999 videtur
1013 1934 1066 2019 5ὅ).

399 2037 436 2101 In
469 2035 519 2101 his
551 2041 717 2122 tamquam
752 2036 889 2102 duarum
921 2037 1075 2104 aetatum
1095 2038 1239 2102 confiniis
1261 2037 1334 2102 Ari·

314 2140 447 2206 stoteles
469 2140 680 2221 constitutus,
714 2141 806 2223 quasi
828 2139 974 2206 divinans
995 2141 1113 2208 veteris
1136 2141 1335 2206 Graecorum

315 2247 432 2311 aetatis
453 2238 597 2310 fabulam
619 2264 690 2310 esse
712 2249 893 2326 peractam,
917 2244 1082 2309 imminere
1104 2264 1234 2326 novam,
1257 2245 1339 2310 vidit

315 2370 386 2416 esse
405 2348 595 2433 prudentius
612 2352 644 2411 et
658 2333 778 2426 utilius,
795 2347 830 2410 si
846 2347 928 2430 quis,
952 2351 1189 2434 quae-majores
1208 2348 1337 2434 egregie

314 2454 482 2532 fecissent,
505 2456 599 2516 acute
621 2451 863 2535 cogitavissent,
885 2452 1063 2534 prudenter
1085 2454 1339 2536 constituissent,

317 2557 467 2641 colligere
488 2555 584 2621 vellet
606 2560 639 2620 et
659 2555 846 2638 posteritati
868 2555 1012 2638 tradere,
1045 2577 1143 2640 quarn
1170 2557 1198 2622 si
1227 2578 1340 2624 eorum

316 2683 421 2727 mores
444 2665 476 2726 et
497 2660 582 2726 vitae
603 2661 765 2741 instituta,
788 2681 906 2744 magna
923 2664 992 2746 jam
1006 2681 1046 2728 ex
1060 2667 1155 2746 parte
1170 2661 1340 2728 debilitata

319 2772 352 2832 et
374 2771 543 2849 corrupta,
571 2785 736 2831 reservare
758 2765 809 2831 sel
830 2786 977 2832 recreare
1000 2771 1181 2834 conaretur.
1225 2766 1339 2851 Itaque

318 2872 403 2955 ipse,
438 2869 595 2955 quidquid
627 2868 748 2954 ubique
780 2875 905 2936 veteres
936 2871 1083 2940 doctores
1117 2871 1268 2938 scientiae
1289 2869 1339 2937 vel

319 2977 399 3042 artis
423 2979 677 3058 expromserant,
708 2974 983 3058 complectendum
1005 2980 1038 3042 et
1058 2976 1093 3040 in
1113 2997 1214 3059 unum
1234 2975 1339 3045 locum

319 3079 383 3146 sibi
404 3079 643 3146 conducendum
664 3099 733 3145 esse
755 3084 865 3161 ratus,
888 3085 924 3145 ut
940 3081 1033 3164 quasi
1048 3101 1164 3164 corpus
1180 3079 1340 3164 quoddam

320 3185 526 3252 scientiarum
548 3188 643 3265 esset,
667 3183 753 3267 quod
768 3184 953 3270 posteritati
965 3184 1160 3265 traderetur,
1183 3205 1340 3257 summum

320 3283 354 3355 in
376 3289 437 3354 hoc
459 3308 556 3372 opere
578 3287 772 3353 conficiendo
795 3287 938 3354 studium
950 3309 988 3352 ac
999 3287 1143 3354 laborem
1155 3289 1339 3355 consumsit.

322 3393 393 3472 Qua
413 3393 447 3457 in
468 3412 505 3458 re
527 3391 686 3476 quomodo
707 3411 826 3476 magna
849 3391 1025 3474 industria,
1050 3393 1213 3474 doctrina,
1243 3393 1341 3459 soien-

225 3575 229 3587 ,
321 3498 387 3563 tiae
409 3495 511 3581 copia,
534 3496 680 3562 acumine
701 3495 821 3581 ingenii
842 3495 981 3578 maximo
1003 3501 1149 3564 versatus
1172 3503 1269 3581 atque
1286 3496 1340 3562 ad·

319 3606 408 3689 jutus
439 3602 498 3684 sit,
531 3623 597 3668 non
624 3601 718 3687 hujus
752 3599 882 3684 quidem
911 3599 974 3666 loci
1007 3607 1057 3668 est
1086 3599 1200 3667 dicere.
1259 3598 1342 3666 Illud

394 3887 544 3956 52)}1n·sm
568 3903 645 3938 rorum
670 3889 735 3954 qussi
759 3886 866 3952 perpetui
888 3884 1047 3936 commentarii
1070 3889 1123 3932 snut
1145 3879 1263 3932 orationes
1289 3879 1343 3930 Dr-

324 3979 459 4030 mcstlscm's
471 3978 582 4028 adversus
594 3975 748 4046 Philippum,
770 3975 946 4044 Olyntbiccae,
966 3974 995 4026 tls
1007 3973 1171 4032 caeream,
1190 3968 1219 4020 tle
1233 3967 1343 4030 Corona,

236 4113 238 4120 ,
322 4070 394 4132 aliae,
413 4068 542 4134 dequibus
562 4067 632 4119 verbo
651 4073 739 4132 tapsum
758 4067 858 4118 lectores
878 4065 995 4115 monuisse
1014 4061 1070 4114 satis
1089 4059 1140 4110 erit.

396 4156 444 4228 53)
463 4159 504 4208 eir.
523 4157 592 4210 atium
611 4155 677 4210 Plus.
696 4155 797 4208 Menon.
817 4169 841 4219 p.
859 4153 903 4216 92,
921 4155 941 4206 Ι)
959 4168 1011 4218 sqq.
