2870 5076
525 453 732 519 ,ῃ-

70 631 170 708 gruunt
182 623 223 709 ¹),
256 623 354 690 vduti
383 645 460 690 aves
487 647 620 712 rapaces
649 624 755 690 curvis
783 631 916 690 utuntur
938 619 1064 702 rostris,
1095 625 1206 705 utpote

71 755 140 820 quse
159 731 293 798 idoneee
316 733 380 800 sint
400 733 511 800 bestiis
534 735 602 799 eliis
627 734 814 824 superandis
837 741 869 797 et
889 729 1113 812 dilucerendis,
1135 751 1208 794 oon·

71 855 110 906 ίττ
135 863 215 931 quue
243 865 321 908 eves
351 843 384 908 in
414 843 584 929 paludibus
611 845 733 932 degunt
763 857 860 934 utque
890 849 1065 908 vescuntur
1091 837 1209 922 herbis,

70 951 168 1018 latiore
198 952 319 1018 hebent
348 963 465 1034 rostra,
494 962 530 1018 ut
560 955 672 1020 fodere
701 955 824 1044 possint
852 964 885 1019 et
914 972 1049 1039 oei-pere
1079 949 1207 1016 herbas.

72 1063 163 1150 Atque
186 1063 351 1128 harmonia
374 1073 530 1128 enatura
551 1064 773 1152 praestabilita
801 1073 850 1129 est
870 1064 955 1130 inter
977 1085 1090 1128 sensus
1113 1069 1209 1149 etque

70 1193 163 1238 eorum
185 1171 321 1239 obiectu.
367 1171 448 1240 Cum
464 1171 548 1238 enim
571 1195 682 1241 seusus
697 1177 858 1263 recepturi
871 1153 944 1241 'sint
959 1197 1065 1241 rerum
1080 1172 1209 1253 formes,

69 1282 229 1349 seeundum
257 1305 311 1348 eas
337 1285 423 1372 ipses
451 1283 661 1350 instituantur
690 1307 824 1351 neeesse
858 1297 920 1369 est,
954 1297 1050 1373 atque
1083 1281 1210 1347 illarum

70 1393 269 1481 respondeant
298 1403 444 1459 naturae.
489 1393 606 1482 Itaque
634 1395 822 1461 sensitivum
845 1398 990 1484 potentia
1020 1403 1083 1473 est,
1116 1391 1210 1478 quale

70 1503 203 1570 sensibile
225 1505 290 1568 ium
314 1513 395 1569 ectu.
439 1503 556 1592 Neque
578 1503 671 1570 aliter
693 1507 801 1572 resin
823 1516 931 1572 mente
955 1527 989 1570 se
1012 1501 1158 1587 hubet⁸).

139 1615 242 1702 igitur
267 1613 330 1678 hae
358 1635 487 1702 quoque
515 1637 557 1680 ex
586 1625 680 1702 purte
709 1615 782 1680 finis
816 1615 980 1681 constituit
1013 1636 1090 1679 rem.
1136 1611 1210 1691 Quo

71 1723 200 1807 efficitur,
223 1733 260 1790 ut
274 1743 351 1788 vera
365 1747 403 1788 eo
425 1723 579 1812 primerio
595 1726 642 1791 rei
657 1735 772 1792 natura
788 1727 940 1792 consistat
959 1727 991 1791 in
1008 1747 1055 1804 eo,
1078 1734 1114 1790 ut
1129 1747 1210 1811 opus

71 1857 148 1902 suum
162 1845 358 1922 exsequetur
372 1845 427 1900 eut
442 1845 530 1901 eerte
546 1835 647 1922 possit
662 1837 806 1924 exsequi.
836 1837 949 1924 Itaque
966 1836 1076 1902 oculus
1092 1833 1211 1898 emisse

72 1943 183 2010 videndi
208 1945 365 2011 facultate
390 1968 456 2010 non
484 1947 621 2034 emplius
649 1956 699 2012 est
725 1948 851 2027 oculus,
888 1946 949 2010 nisi
982 1945 1068 2033 quod
1097 1943 1210 2008 eodem

71 2055 156 2121 utitur
175 2055 312 2138 nomine,
336 2055 382 2122 ita
403 2065 439 2122 ut
460 2057 494 2121 in
516 2056 630 2123 eudem
652 2065 751 2144 etque
773 2055 919 2145 lapideus
942 2055 1053 2121 oculus
1075 2073 1209 2120 numero

72 2165 115 2248 sit,
143 2187 247 2254 neque
275 2166 419 2232 medieus
449 2174 515 2248 est,
548 2167 610 2232 nisi
639 2168 693 2256 qui
720 2166 838 2234 medici
866 2189 964 2256 opere
990 2165 1150 2250 fungitur3
1184 2161 1210 2225 is

71 2285 160 2342 sutem
182 2277 237 2364 qui
260 2277 320 2342 hoe
341 2287 508 2364 praestare
530 2279 658 2366 nequit,
680 2278 823 2345 medicus
847 2287 911 2359 est,
940 2271 1209 2364 quemadmodum

72 2385 153 2452 etiem
181 2387 303 2474 pictum
328 2385 486 2452 medicum
520 2387 654 2454 dicimus
663 2388 698 2473 ⁸).
753 2387 961 2494 Qqepropter
993 2386 1089 2452 etiam
1123 2382 1209 2448 notio

72 2495 109 2560 rei
129 2520 167 2564 ex
194 2497 263 2564 eius
290 2497 355 2562 fine
377 2507 476 2586 atque
497 2519 594 2586 opere
616 2499 751 2588 pendet,
782 2501 827 2566 ite
849 2511 899 2583 ut,
927 2497 1061 2566 definire
1085 2494 1111 2558 si
1134 2491 1210 2580 quid

11 2661 12 2666 ,
71 2607 212 2689 volumus,
236 2607 420 2674 definitione
441 2631 573 2674 neeesse
596 2610 638 2675 sit
660 2611 864 2678 contineatur
886 2610 1011 2700 opus⁴).
1220 2594 1226 2606 ’

140 2719 224 2786 Mhi}
255 2739 333 2785 vero
361 2717 553 2786 discriminis
584 2721 755 2786 intercedit
788 2722 871 2788 inter
902 2720 1067 2788 notionem
1100 2713 1147 2782 rei
1181 2721 1213 2777 et

69 2865 252 2882 '’flua—nu·-

131 2943 147 3004 ¹)
165 2945 196 2998 L.
214 2945 233 2996 l.
251 2945 296 3006 IV,
316 2948 356 2998 12.
375 2947 425 2997 693
440 2959 455 2996 ο
470 2943 521 3004 10..

130 3048 544 3114 ¹)Desnim.11,5.41823:
568 3047 597 3104 τὸ
623 3047 646 3102 δ’
667 3048 831 3116 αἰσθητικὸν
855 3047 973 3120 δυνάμει
999 3047 1073 3100 ἐστίν
1097 3038 1158 3097 οἷον
1183 3037 1214 3094 τὸ

13 3163 14 3204 j
70 3133 188 3200 οίοθητόν
206 3131 257 3202 ἤδη
276 3135 434 3204 ἐντελεχείᾳ.
453 3139 502 3202 ΙΠ,
522 3143 547 3192 8.
567 3144 616 3192 431
630 3139 647 3191 b
661 3144 707 3190 λετ
726 3140 772 3204 τῆς
791 3139 822 3194 di
836 3139 928 3206 ψυχῆς
945 3135 975 3188 τὸ
995 3129 1215 3198 αῗσθίῐῑλίόίίαῖ

13 3217 14 3236 ¹
69 3219 91 3272 ri
113 3223 322 3294 ἐπιστημονικὸν
347 3220 464 3296 δυνάμει
487 3222 570 3277 undeni
595 3226 653 3278 ἔστι
678 3231 720 3292 (cs.
745 3228 921 3280 Trendelenb.
947 3229 1085 3276 comment.
1116 3238 1141 3287 p-
1156 3221 1214 3268 5²5·

69 3307 154 3364 ταύτόν
171 3313 265 3377 Bekk.)
288 3309 319 3364 τὸ
341 3311 395 3382 μὶν
417 3311 562 3379 latomos
585 3311 614 3366 τό
635 3313 666 3366 δὲ
688 3311 831 3380 αἰσθητόν,
853 3308 1005 3382 ἀνάγκητί
1026 3305 1042 3374 ἢ
1061 3305 1130 3360 αὐτὰ
1150 3301 1165 3372 ἢ
1184 3299 1216 3356 ui

69 3387 1216 3474 mmmmwmqnnmmwufflmsswi

68 3479 136 3544 ridor
158 3483 224 3540 sime
250 3483 266 3554 si
290 3486 365 3554 ψυχὴ
390 3481 483 3556 ὥσπερ
508 3483 601 3558 ἡχοίρ
626 3489 710 3544 ἐστιν·
737 3492 785 3542 καὶ
809 3485 863 3560 γὰρ
883 3485 977 3558 ἡχιλρ
1001 3477 1126 3558 ὄργανόν
1145 3480 1219 3534 ἔστιν

69 3565 191 3638 torosos,
210 3576 257 3626 ιιτιλ
275 3571 290 3626 ὁ
309 3575 374 3633 νοῦς
392 3573 465 3633 eidos
483 3575 567 3631 τλιλῶν
585 3580 632 3630 καλ
645 3574 661 3644 ἡ
675 3583 806 3642 αἴσθησις
824 3575 899 3634 ridor
917 3576 1068 3642 αἰσθητῶν.
1097 3573 1139 3626 ct.
1153 3584 1219 3637 quse

69 3657 125 3710 inus
141 3661 352 3729 disputabuntur,
371 3664 440 3715 unde
458 3681 532 3718 meus
551 3671 688 3718 veritatem
709 3682 785 3718 suem
805 3669 912 3734 ceperit.

129 3769 148 3837 ¹)
165 3775 204 3824 De
221 3781 287 3842 put
307 3791 349 3828 m
368 3775 391 3840 Ι,
412 3781 434 3826 1.
454 3779 534 3832 urob
548 3783 593 3832 ee:
618 3779 657 3832 ἔτι
681 3779 706 3833 τί
728 3775 869 3846 τλτίύνᾳτον
888 3777 961 3832 τίνοι
981 3780 1063 3842 χεῖρα
1087 3769 1220 3824 ὁπωσοῦν

69 3853 239 3930 διακειμένην,
259 3853 319 3914 οἷον
334 3865 443 3930 χαλκῆν
459 3861 476 3932 ἢ
495 3867 616 3933 ξυλίνην,
635 3865 709 3933 πλὴν
728 3860 896 3938 ὁμωνύμως,
915 3859 1011 3932 ὥσπερ
1030 3857 1079 3914 τὸν
1097 3873 1222 3928 γεγραμ-

67 3947 142 4008 μίνον
158 3945 261 4018 ίιιτρόν.
281 3946 314 4002 οὐ
332 3947 387 4021 γὰρ
406 3949 553 4020 δονήσεται
572 3957 707 4010 ποιεῖντὸ
721 3953 819 4022 ἑαυτῆς
837 3955 933 4023 ἔργον,
952 3947 1048 4016 ὥσπερ
1060 3941 1126 4000 οὐδ’
1141 3940 1223 3998 αὐλοί

67 4031 157 4088 λίθινοι
173 4037 202 4092 τὸ
222 4036 327 4092 ramus
345 4037 439 4110 ἔργον,
465 4039 529 4094 οὐδ’
550 4037 564 4095 ὁ
584 4045 780 4116 γεγραμμένος
803 4038 907 4110 turpis.
933 4033 1038 4108 ὁμοίως
1061 4032 1093 4086 δὲ
1118 4026 1224 4088 τούτοις

68 4117 122 4174 oter
140 4125 193 4179 τοῖν
210 4125 257 4180 τοῦ
274 4121 437 4192 τεθνηκότος
447 4131 557 4200 μορίων
571 4127 657 4184 οὐδέν
670 4129 710 4184 ἔτι
729 4130 784 4184 τῶν
803 4126 937 4186 τοιούτων
951 4125 1019 4193 ίστί,
1039 4123 1111 4188 λίνω
1125 4114 1152 4171 δ’
1164 4111 1225 4174 οἷον

69 4201 212 4280 ὀφθαλμός,
225 4216 298 4286 χείρ.

130 4317 151 4384 ⁴)
166 4319 226 4372 Met
245 4321 275 4384 Z,
297 4323 335 4372 10.
357 4321 454 4374 lossbb
470 4327 518 4376 roz
542 4319 662 4374 ἕκαστον
680 4321 753 4392 γοῦν
771 4320 802 4376 τό
821 4323 907 4394 μέρος
925 4317 996 4384 (ιοίλ.
1018 4313 1066 4369 τοῦ
1085 4309 1226 4384 σώματος)

69 4397 111 4452 uu
126 4399 239 4472 ὁρίζηται
262 4408 364 4471 καλοῖς,
390 4403 440 4460 οὑν
462 4401 531 4463 ἄνευ
557 4411 606 4462 τοῦ
631 4407 717 4480 ἔργον
741 4405 873 4480 ὁριεῖται,
901 4393 990 4474 durii
1015 4395 1134 4472 tutore
1159 4391 1226 4454 dm

69 4487 215 4560 Ιίσθὴοιοτς.
234 4498 341 4552 Mereor.
360 4497 407 4563 IV,
428 4499 468 4550 1².
489 4501 540 4552 ³90
553 4515 570 4552 ο
585 4503 623 4552 10.
