<?xml version="1.0" encoding="UTF-8"?>
<!DOCTYPE html PUBLIC "-//W3C//DTD XHTML 1.0 Transitional//EN"
    "http://www.w3.org/TR/xhtml1/DTD/xhtml1-transitional.dtd">
<html xmlns="http://www.w3.org/1999/xhtml" xml:lang="en" lang="en">
 <head>
  <title>
</title>
<meta http-equiv="Content-Type" content="text/html;charset=utf-8" />
  <meta name='ocr-system' content='tesseract 3.04.00' />
  <meta name='ocr-capabilities' content='ocr_page ocr_carea ocr_par ocr_line ocrx_word'/>
</head>
<body>
  <div class='ocr_page' id='page_1' title='image "./dearistotelisez00thomgoog_0103.png"; bbox 0 0 2934 5076; ppageno 0'>
   <div class='ocr_carea' id='block_1_1' title="bbox 593 483 634 547">
    <p class='ocr_par' dir='ltr' id='par_1_1' title="bbox 593 483 634 547">
     <span class='ocr_line' id='line_1_1' title="bbox 593 483 634 547; baseline -0.024 0"><span class='ocrx_word' id='word_1_1' title='bbox 593 483 634 547; x_wconf 82' lang='lat'>95</span> 
     </span>
    </p>
   </div>
   <div class='ocr_carea' id='block_1_2' title="bbox 117 646 1187 2710">
    <p class='ocr_par' dir='ltr' id='par_1_2' title="bbox 117 646 1187 2710">
     <span class='ocr_line' id='line_1_2' title="bbox 120 646 1122 733; baseline -0.001 -20"><span class='ocrx_word' id='word_1_2' title='bbox 120 653 198 728; x_wconf 86' lang='lat' dir='ltr'>sunt,</span> <span class='ocrx_word' id='word_1_3' title='bbox 224 669 328 716; x_wconf 87' lang='lat' dir='ltr'>nonne</span> <span class='ocrx_word' id='word_1_4' title='bbox 349 649 431 714; x_wconf 88' lang='lat' dir='ltr'>satis</span> <span class='ocrx_word' id='word_1_5' title='bbox 454 669 567 733; x_wconf 81' lang='lat' dir='ltr'>graves</span> <span class='ocrx_word' id='word_1_6' title='bbox 589 669 788 716; x_wconf 78' lang='lat' dir='ltr'>massanos</span> <span class='ocrx_word' id='word_1_7' title='bbox 816 646 1008 733; x_wconf 87' lang='lat' dir='ltr'>impediunt,</span> <span class='ocrx_word' id='word_1_8' title='bbox 1044 667 1122 731; x_wconf 87' lang='lat' dir='ltr'>quo·</span> 
     </span>
     <span class='ocr_line' id='line_1_3' title="bbox 119 751 1125 838; baseline -0.004 -20"><span class='ocrx_word' id='word_1_9' title='bbox 119 753 219 834; x_wconf 88' lang='grc'><strong>101001,</strong></span> <span class='ocrx_word' id='word_1_10' title='bbox 241 753 326 838; x_wconf 86' lang='lat' dir='ltr'>qnod</span> <span class='ocrx_word' id='word_1_11' title='bbox 348 761 461 820; x_wconf 88' lang='lat' dir='ltr'>nostro</span> <span class='ocrx_word' id='word_1_12' title='bbox 482 754 553 820; x_wconf 92' lang='lat' dir='ltr'>loco</span> <span class='ocrx_word' id='word_1_13' title='bbox 576 754 619 819; x_wconf 93' lang='lat' dir='ltr'>de</span> <span class='ocrx_word' id='word_1_14' title='bbox 642 753 817 820; x_wconf 77' lang='lat' dir='ltr'><strong>Aristotele</strong></span> <span class='ocrx_word' id='word_1_15' title='bbox 838 753 974 832; x_wconf 86' lang='lat' dir='ltr'>dicatur,</span> <span class='ocrx_word' id='word_1_16' title='bbox 988 751 1125 834; x_wconf 58' lang='lat' dir='ltr'>aipsum</span> 
     </span>
     <span class='ocr_line' id='line_1_4' title="bbox 119 853 1125 944; baseline 0.002 -22"><span class='ocrx_word' id='word_1_17' title='bbox 119 853 227 939; x_wconf 79' lang='lat' dir='ltr'>loqui«,</span> <span class='ocrx_word' id='word_1_18' title='bbox 249 857 291 923; x_wconf 87' lang='lat' dir='ltr'>ad</span> <span class='ocrx_word' id='word_1_19' title='bbox 313 861 382 943; x_wconf 87' lang='lat' dir='ltr'>ejus</span> <span class='ocrx_word' id='word_1_20' title='bbox 405 858 550 944; x_wconf 82' lang='lat' dir='ltr'>dialogos</span> <span class='ocrx_word' id='word_1_21' title='bbox 573 858 778 926; x_wconf 84' lang='lat' dir='ltr'>referendum</span> <span class='ocrx_word' id='word_1_22' title='bbox 800 879 870 925; x_wconf 89' lang='lat' dir='ltr'>esse</span> <span class='ocrx_word' id='word_1_23' title='bbox 892 857 1125 924; x_wconf 78' lang='lat' dir='ltr'>concedamus?</span> 
     </span>
     <span class='ocr_line' id='line_1_5' title="bbox 118 957 1127 1046; baseline 0 -21"><span class='ocrx_word' id='word_1_24' title='bbox 118 957 204 1026; x_wconf 92' lang='lat' dir='ltr'>lmmo</span> <span class='ocrx_word' id='word_1_25' title='bbox 225 959 424 1046; x_wconf 84' lang='lat' dir='ltr'>significatur</span> <span class='ocrx_word' id='word_1_26' title='bbox 444 963 502 1028; x_wconf 90' lang='lat' dir='ltr'>illa</span> <span class='ocrx_word' id='word_1_27' title='bbox 522 964 706 1032; x_wconf 86' lang='lat' dir='ltr'>Aristotelis</span> <span class='ocrx_word' id='word_1_28' title='bbox 728 961 944 1042; x_wconf 78' lang='lat' dir='ltr'>consuetudo,</span> <span class='ocrx_word' id='word_1_29' title='bbox 975 982 1041 1046; x_wconf 91' lang='lat' dir='ltr'>qua</span> <span class='ocrx_word' id='word_1_30' title='bbox 1061 981 1127 1026; x_wconf 92' lang='lat' dir='ltr'>non</span> 
     </span>
     <span class='ocr_line' id='line_1_6' title="bbox 118 1064 1127 1154; baseline -0.002 -22"><span class='ocrx_word' id='word_1_31' title='bbox 118 1085 168 1148; x_wconf 83' lang='lat' dir='ltr'>per</span> <span class='ocrx_word' id='word_1_32' title='bbox 186 1066 371 1151; x_wconf 87' lang='lat' dir='ltr'>dialogicam</span> <span class='ocrx_word' id='word_1_33' title='bbox 382 1068 518 1134; x_wconf 91' lang='lat' dir='ltr'>formam</span> <span class='ocrx_word' id='word_1_34' title='bbox 531 1069 769 1154; x_wconf 80' lang='lat' dir='ltr'>percunctando</span> <span class='ocrx_word' id='word_1_35' title='bbox 781 1073 879 1152; x_wconf 90' lang='lat' dir='ltr'>atque</span> <span class='ocrx_word' id='word_1_36' title='bbox 890 1064 1127 1150; x_wconf 87' lang='lat' dir='ltr'>interrogando,</span> 
     </span>
     <span class='ocr_line' id='line_1_7' title="bbox 119 1168 1128 1257; baseline 0.001 -24"><span class='ocrx_word' id='word_1_37' title='bbox 119 1168 167 1233; x_wconf 88' lang='lat' dir='ltr'>sed</span> <span class='ocrx_word' id='word_1_38' title='bbox 185 1177 339 1254; x_wconf 89' lang='lat' dir='ltr'>perpetua</span> <span class='ocrx_word' id='word_1_39' title='bbox 365 1173 511 1238; x_wconf 90' lang='lat' dir='ltr'>oratione</span> <span class='ocrx_word' id='word_1_40' title='bbox 539 1173 609 1257; x_wconf 90' lang='lat' dir='ltr'>ipse</span> <span class='ocrx_word' id='word_1_41' title='bbox 639 1173 774 1257; x_wconf 92' lang='lat' dir='ltr'>loquens</span> <span class='ocrx_word' id='word_1_42' title='bbox 796 1170 986 1237; x_wconf 87' lang='lat' dir='ltr'>Aristoteles</span> <span class='ocrx_word' id='word_1_43' title='bbox 1019 1169 1128 1252; x_wconf 88' lang='lat' dir='ltr'>dispu-</span> 
     </span>
     <span class='ocr_line' id='line_1_8' title="bbox 118 1274 1127 1356; baseline 0 -18"><span class='ocrx_word' id='word_1_44' title='bbox 118 1279 179 1356; x_wconf 69' lang='lat' dir='ltr'>tare</span> <span class='ocrx_word' id='word_1_45' title='bbox 198 1274 309 1340; x_wconf 89' lang='lat' dir='ltr'>solitus</span> <span class='ocrx_word' id='word_1_46' title='bbox 332 1276 385 1340; x_wconf 89' lang='lat' dir='ltr'>sit.</span> <span class='ocrx_word' id='word_1_47' title='bbox 431 1275 537 1354; x_wconf 84' lang='lat' dir='ltr'>Quare</span> <span class='ocrx_word' id='word_1_48' title='bbox 560 1279 588 1342; x_wconf 87' lang='grc'>01</span> <span class='ocrx_word' id='word_1_49' title='bbox 600 1283 746 1343; x_wconf 91' lang='lat' dir='ltr'>nostrum</span> <span class='ocrx_word' id='word_1_50' title='bbox 762 1275 867 1343; x_wconf 93' lang='lat' dir='ltr'>locum</span> <span class='ocrx_word' id='word_1_51' title='bbox 878 1275 1127 1355; x_wconf 87' lang='lat' dir='ltr'>consideramus,</span> 
     </span>
     <span class='ocr_line' id='line_1_9' title="bbox 118 1374 1128 1463; baseline 0.002 -23"><span class='ocrx_word' id='word_1_52' title='bbox 118 1374 192 1440; x_wconf 89' lang='lat' dir='ltr'>baud</span> <span class='ocrx_word' id='word_1_53' title='bbox 212 1378 277 1443; x_wconf 92' lang='lat' dir='ltr'>scio</span> <span class='ocrx_word' id='word_1_54' title='bbox 298 1399 342 1442; x_wconf 92' lang='lat' dir='ltr'>an</span> <span class='ocrx_word' id='word_1_55' title='bbox 363 1377 418 1442; x_wconf 91' lang='lat' dir='ltr'>ille</span> <span class='ocrx_word' id='word_1_56' title='bbox 447 1381 491 1445; x_wconf 90' lang='lat' dir='ltr'>sit</span> <span class='ocrx_word' id='word_1_57' title='bbox 513 1381 698 1447; x_wconf 85' lang='lat' dir='ltr'>Aristotelis</span> <span class='ocrx_word' id='word_1_58' title='bbox 726 1401 796 1446; x_wconf 93' lang='lat' dir='ltr'>mos</span> <span class='ocrx_word' id='word_1_59' title='bbox 825 1379 1030 1463; x_wconf 88' lang='lat' dir='ltr'>cogitandus,</span> <span class='ocrx_word' id='word_1_60' title='bbox 1064 1399 1128 1461; x_wconf 93' lang='lat' dir='ltr'>quo</span> 
     </span>
     <span class='ocr_line' id='line_1_10' title="bbox 118 1478 1129 1568; baseline 0.001 -24"><span class='ocrx_word' id='word_1_61' title='bbox 118 1478 287 1564; x_wconf 82' lang='lat' dir='ltr'>discrepans</span> <span class='ocrx_word' id='word_1_62' title='bbox 328 1503 349 1548; x_wconf 87' lang='lat' dir='ltr'>a</span> <span class='ocrx_word' id='word_1_63' title='bbox 380 1482 516 1549; x_wconf 89' lang='lat' dir='ltr'>Platone</span> <span class='ocrx_word' id='word_1_64' title='bbox 554 1505 607 1550; x_wconf 89' lang='lat' dir='ltr'>res</span> <span class='ocrx_word' id='word_1_65' title='bbox 643 1485 731 1568; x_wconf 88' lang='lat' dir='ltr'>ipsas</span> <span class='ocrx_word' id='word_1_66' title='bbox 769 1483 969 1567; x_wconf 86' lang='lat' dir='ltr'>simpliciter,</span> <span class='ocrx_word' id='word_1_67' title='bbox 1010 1480 1129 1564; x_wconf 81' lang='lat' dir='ltr'>dialogi</span> 
     </span>
     <span class='ocr_line' id='line_1_11' title="bbox 117 1581 1126 1673; baseline 0.003 -28"><span class='ocrx_word' id='word_1_68' title='bbox 117 1581 209 1648; x_wconf 86' lang='grc'><strong>101010</strong></span> <span class='ocrx_word' id='word_1_69' title='bbox 229 1605 362 1668; x_wconf 86' lang='lat' dir='ltr'>prorsus</span> <span class='ocrx_word' id='word_1_70' title='bbox 382 1585 526 1671; x_wconf 89' lang='lat' dir='ltr'>abjecta,</span> <span class='ocrx_word' id='word_1_71' title='bbox 554 1609 766 1673; x_wconf 73' lang='lat' dir='ltr'>persequenS,</span> <span class='ocrx_word' id='word_1_72' title='bbox 802 1585 879 1670; x_wconf 90' lang='lat' dir='ltr'>quid</span> <span class='ocrx_word' id='word_1_73' title='bbox 908 1586 970 1652; x_wconf 85' lang='lat' dir='ltr'>sibi</span> <span class='ocrx_word' id='word_1_74' title='bbox 994 1584 1126 1665; x_wconf 86' lang='lat' dir='ltr'>rideret,</span> 
     </span>
     <span class='ocr_line' id='line_1_12' title="bbox 118 1689 1128 1777; baseline 0.006 -29"><span class='ocrx_word' id='word_1_75' title='bbox 118 1703 150 1748; x_wconf 86' lang='lat' dir='ltr'>ex</span> <span class='ocrx_word' id='word_1_76' title='bbox 169 1707 225 1752; x_wconf 87' lang='lat' dir='ltr'>sua</span> <span class='ocrx_word' id='word_1_77' title='bbox 245 1709 386 1771; x_wconf 89' lang='lat' dir='ltr'>persona</span> <span class='ocrx_word' id='word_1_78' title='bbox 406 1689 606 1773; x_wconf 89' lang='lat' dir='ltr'>disserebat,</span> <span class='ocrx_word' id='word_1_79' title='bbox 634 1692 723 1777; x_wconf 90' lang='lat' dir='ltr'>quali</span> <span class='ocrx_word' id='word_1_80' title='bbox 743 1692 848 1757; x_wconf 86' lang='lat' dir='ltr'>lorma</span> <span class='ocrx_word' id='word_1_81' title='bbox 874 1691 931 1774; x_wconf 92' lang='lat' dir='ltr'>qui</span> <span class='ocrx_word' id='word_1_82' title='bbox 958 1689 1052 1756; x_wconf 90' lang='lat' dir='ltr'>hodie</span> <span class='ocrx_word' id='word_1_83' title='bbox 1074 1711 1128 1754; x_wconf 86' lang='lat' dir='ltr'>ex·</span> 
     </span>
     <span class='ocr_line' id='line_1_13' title="bbox 118 1791 1128 1879; baseline 0.005 -26"><span class='ocrx_word' id='word_1_84' title='bbox 118 1793 196 1854; x_wconf 86' lang='lat' dir='ltr'>stant</span> <span class='ocrx_word' id='word_1_85' title='bbox 217 1791 401 1858; x_wconf 79' lang='lat' dir='ltr'>Aristotelis</span> <span class='ocrx_word' id='word_1_86' title='bbox 422 1793 499 1858; x_wconf 82' lang='lat' dir='ltr'>libri</span> <span class='ocrx_word' id='word_1_87' title='bbox 521 1797 695 1879; x_wconf 85' lang='lat' dir='ltr'>conscripti</span> <span class='ocrx_word' id='word_1_88' title='bbox 718 1801 802 1860; x_wconf 83' lang='lat' dir='ltr'>sunt.</span> <span class='ocrx_word' id='word_1_89' title='bbox 847 1794 948 1872; x_wconf 85' lang='lat' dir='ltr'>Quem</span> <span class='ocrx_word' id='word_1_90' title='bbox 969 1794 1128 1859; x_wconf 79' lang='lat' dir='ltr'>Aristote-</span> 
     </span>
     <span class='ocr_line' id='line_1_14' title="bbox 118 1888 1128 1982; baseline 0.005 -26"><span class='ocrx_word' id='word_1_91' title='bbox 118 1888 151 1956; x_wconf 87' lang='lat' dir='ltr'>lis</span> <span class='ocrx_word' id='word_1_92' title='bbox 178 1915 298 1961; x_wconf 90' lang='lat' dir='ltr'>morem</span> <span class='ocrx_word' id='word_1_93' title='bbox 331 1904 488 1980; x_wconf 88' lang='lat' dir='ltr'>perpetua</span> <span class='ocrx_word' id='word_1_94' title='bbox 517 1900 664 1964; x_wconf 86' lang='lat' dir='ltr'>oratione</span> <span class='ocrx_word' id='word_1_95' title='bbox 694 1899 880 1982; x_wconf 88' lang='lat' dir='ltr'>disputandi</span> <span class='ocrx_word' id='word_1_96' title='bbox 905 1903 1065 1981; x_wconf 87' lang='lat' dir='ltr'>quatenns</span> <span class='ocrx_word' id='word_1_97' title='bbox 1093 1897 1128 1962; x_wconf 92' lang='lat' dir='ltr'>in</span> 
     </span>
     <span class='ocr_line' id='line_1_15' title="bbox 117 1991 1128 2068; baseline 0.007 -9"><span class='ocrx_word' id='word_1_98' title='bbox 117 1991 198 2062; x_wconf 87' lang='lat' dir='ltr'>libris</span> <span class='ocrx_word' id='word_1_99' title='bbox 219 1997 259 2064; x_wconf 90' lang='lat' dir='ltr'>de</span> <span class='ocrx_word' id='word_1_100' title='bbox 280 1999 414 2065; x_wconf 89' lang='lat' dir='ltr'>Finibus</span> <span class='ocrx_word' id='word_1_101' title='bbox 437 1999 549 2068; x_wconf 84' lang='lat' dir='ltr'>Cicero</span> <span class='ocrx_word' id='word_1_102' title='bbox 578 2002 612 2066; x_wconf 92' lang='lat' dir='ltr'>in</span> <span class='ocrx_word' id='word_1_103' title='bbox 638 2023 732 2067; x_wconf 92' lang='lat' dir='ltr'>usum</span> <span class='ocrx_word' id='word_1_104' title='bbox 758 2023 852 2068; x_wconf 89' lang='lat' dir='ltr'>suum</span> <span class='ocrx_word' id='word_1_105' title='bbox 880 2001 1074 2067; x_wconf 81' lang='lat' dir='ltr'>converterit</span> <span class='ocrx_word' id='word_1_106' title='bbox 1094 2006 1128 2066; x_wconf 88' lang='lat' dir='ltr'>et</span> 
     </span>
     <span class='ocr_line' id='line_1_16' title="bbox 117 2101 1128 2188; baseline 0 -20"><span class='ocrx_word' id='word_1_107' title='bbox 117 2101 239 2168; x_wconf 85' lang='grc'><strong>1111111111</strong></span> <span class='ocrx_word' id='word_1_108' title='bbox 259 2103 387 2188; x_wconf 82' lang='lat' dir='ltr'>dialogo</span> <span class='ocrx_word' id='word_1_109' title='bbox 409 2105 541 2172; x_wconf 87' lang='lat' dir='ltr'>consilio</span> <span class='ocrx_word' id='word_1_110' title='bbox 564 2127 622 2172; x_wconf 91' lang='lat' dir='ltr'>suo</span> <span class='ocrx_word' id='word_1_111' title='bbox 645 2107 932 2172; x_wconf 79' lang='lat' dir='ltr'>accommodaverit</span> <span class='ocrx_word' id='word_1_112' title='bbox 952 2111 1051 2188; x_wconf 89' lang='lat' dir='ltr'>atque</span> <span class='ocrx_word' id='word_1_113' title='bbox 1071 2104 1128 2168; x_wconf 90' lang='lat' dir='ltr'>ad·</span> 
     </span>
     <span class='ocr_line' id='line_1_17' title="bbox 119 2199 1187 2300; baseline 0.007 -34"><span class='ocrx_word' id='word_1_114' title='bbox 119 2199 258 2288; x_wconf 75' lang='lat' dir='ltr'>libuerit,</span> <span class='ocrx_word' id='word_1_115' title='bbox 280 2209 390 2274; x_wconf 85' lang='lat' dir='ltr'>Attico</span> <span class='ocrx_word' id='word_1_116' title='bbox 413 2231 471 2276; x_wconf 91' lang='lat' dir='ltr'>suo</span> <span class='ocrx_word' id='word_1_117' title='bbox 494 2210 700 2275; x_wconf 90' lang='lat' dir='ltr'>indicandum</span> <span class='ocrx_word' id='word_1_118' title='bbox 722 2231 793 2275; x_wconf 89' lang='lat' dir='ltr'>esse</span> <span class='ocrx_word' id='word_1_119' title='bbox 815 2211 924 2275; x_wconf 91' lang='lat' dir='ltr'>sensit.</span> <span class='ocrx_word' id='word_1_120' title='bbox 970 2208 1128 2286; x_wconf 78' lang='lat' dir='ltr'>Quocirca</span> <span class='ocrx_word' id='word_1_121' title='bbox 1183 2293 1187 2300; x_wconf 15' lang='grc' dir='ltr'><strong><em>ῃ</em></strong></span> 
     </span>
     <span class='ocr_line' id='line_1_18' title="bbox 117 2307 1128 2398; baseline 0.004 -28"><span class='ocrx_word' id='word_1_122' title='bbox 117 2325 172 2372; x_wconf 89' lang='grc'>100</span> <span class='ocrx_word' id='word_1_123' title='bbox 193 2307 306 2375; x_wconf 86' lang='lat' dir='ltr'>dubito</span> <span class='ocrx_word' id='word_1_124' title='bbox 328 2315 442 2380; x_wconf 85' lang='lat' dir='ltr'>nostro</span> <span class='ocrx_word' id='word_1_125' title='bbox 463 2313 534 2380; x_wconf 90' lang='lat' dir='ltr'>loco</span> <span class='ocrx_word' id='word_1_126' title='bbox 556 2313 639 2380; x_wconf 84' lang='lat' dir='ltr'>hanc</span> <span class='ocrx_word' id='word_1_127' title='bbox 661 2315 855 2380; x_wconf 84' lang='lat' dir='ltr'>sententiam</span> <span class='ocrx_word' id='word_1_128' title='bbox 876 2314 1063 2398; x_wconf 90' lang='lat' dir='ltr'>adjungere:</span> <span class='ocrx_word' id='word_1_129' title='bbox 1089 2311 1128 2375; x_wconf 94' lang='lat' dir='ltr'>In</span> 
     </span>
     <span class='ocr_line' id='line_1_19' title="bbox 117 2409 1128 2502; baseline 0.004 -26"><span class='ocrx_word' id='word_1_130' title='bbox 117 2409 249 2495; x_wconf 82' lang='grc'><strong>11101100</strong></span> <span class='ocrx_word' id='word_1_131' title='bbox 270 2414 320 2480; x_wconf 91' lang='lat' dir='ltr'>his</span> <span class='ocrx_word' id='word_1_132' title='bbox 342 2419 542 2502; x_wconf 89' lang='lat' dir='ltr'>temporibus</span> <span class='ocrx_word' id='word_1_133' title='bbox 565 2419 695 2502; x_wconf 85' lang='lat' dir='ltr'>scripsi,</span> <span class='ocrx_word' id='word_1_134' title='bbox 724 2417 871 2484; x_wconf 86' lang='lat' dir='ltr'>Platonis</span> <span class='ocrx_word' id='word_1_135' title='bbox 898 2415 1128 2484; x_wconf 89' lang='lat' dir='ltr'>consuetudine</span> 
     </span>
     <span class='ocr_line' id='line_1_20' title="bbox 117 2519 1127 2608; baseline 0 -24"><span class='ocrx_word' id='word_1_136' title='bbox 117 2537 164 2599; x_wconf 87' lang='lat' dir='ltr'>per</span> <span class='ocrx_word' id='word_1_137' title='bbox 184 2519 301 2586; x_wconf 85' lang='lat' dir='ltr'>alienas</span> <span class='ocrx_word' id='word_1_138' title='bbox 322 2542 478 2605; x_wconf 84' lang='lat' dir='ltr'>personas</span> <span class='ocrx_word' id='word_1_139' title='bbox 501 2522 699 2608; x_wconf 89' lang='lat' dir='ltr'>disputantis</span> <span class='ocrx_word' id='word_1_140' title='bbox 720 2521 835 2587; x_wconf 87' lang='lat' dir='ltr'>relicta</span> <span class='ocrx_word' id='word_1_141' title='bbox 855 2520 1038 2586; x_wconf 84' lang='lat' dir='ltr'>Aristotelis</span> <span class='ocrx_word' id='word_1_142' title='bbox 1060 2541 1127 2584; x_wconf 88' lang='lat' dir='ltr'>mo·</span> 
     </span>
     <span class='ocr_line' id='line_1_21' title="bbox 117 2626 1126 2710; baseline 0.002 -24"><span class='ocrx_word' id='word_1_143' title='bbox 117 2641 173 2686; x_wconf 88' lang='lat' dir='ltr'>rem</span> <span class='ocrx_word' id='word_1_144' title='bbox 194 2626 358 2710; x_wconf 86' lang='lat' dir='ltr'>amplexus</span> <span class='ocrx_word' id='word_1_145' title='bbox 380 2647 467 2707; x_wconf 88' lang='lat' dir='ltr'>sum,</span> <span class='ocrx_word' id='word_1_146' title='bbox 488 2628 538 2692; x_wconf 86' lang='lat' dir='ltr'>ita</span> <span class='ocrx_word' id='word_1_147' title='bbox 558 2633 680 2707; x_wconf 86' lang='lat' dir='ltr'>tamen,</span> <span class='ocrx_word' id='word_1_148' title='bbox 703 2632 741 2692; x_wconf 92' lang='grc'>01</span> <span class='ocrx_word' id='word_1_149' title='bbox 763 2626 882 2709; x_wconf 80' lang='lat' dir='ltr'>dialogi</span> <span class='ocrx_word' id='word_1_150' title='bbox 903 2626 1039 2692; x_wconf 90' lang='lat' dir='ltr'>formam</span> <span class='ocrx_word' id='word_1_151' title='bbox 1061 2645 1126 2689; x_wconf 90' lang='lat' dir='ltr'>ser-</span> 
     </span>
    </p>
   </div>
   <div class='ocr_carea' id='block_1_3' title="bbox 28 2729 1127 2812">
    <p class='ocr_par' dir='ltr' id='par_1_3' title="bbox 28 2729 1127 2812">
     <span class='ocr_line' id='line_1_22' title="bbox 28 2729 1127 2812; baseline 0.005 -26"><span class='ocrx_word' id='word_1_152' title='bbox 28 2763 29 2780; x_wconf 61' lang='grc'>1</span> <span class='ocrx_word' id='word_1_153' title='bbox 117 2729 241 2793; x_wconf 82' lang='grc'><strong>10101111</strong></span> <span class='ocrx_word' id='word_1_154' title='bbox 262 2736 295 2795; x_wconf 88' lang='grc'>01</span> <span class='ocrx_word' id='word_1_155' title='bbox 312 2737 492 2797; x_wconf 89' lang='lat' dir='ltr'>ceterorum</span> <span class='ocrx_word' id='word_1_156' title='bbox 507 2751 686 2810; x_wconf 86' lang='lat' dir='ltr'>sermonem</span> <span class='ocrx_word' id='word_1_157' title='bbox 699 2732 748 2797; x_wconf 89' lang='grc'>110</span> <span class='ocrx_word' id='word_1_158' title='bbox 762 2729 953 2810; x_wconf 84' lang='lat' dir='ltr'>induxerim,</span> <span class='ocrx_word' id='word_1_159' title='bbox 976 2735 1013 2793; x_wconf 91' lang='lat' dir='ltr'>ut</span> <span class='ocrx_word' id='word_1_160' title='bbox 1027 2747 1127 2812; x_wconf 90' lang='lat' dir='ltr'>penes</span> 
     </span>
    </p>
   </div>
   <div class='ocr_carea' id='block_1_4' title="bbox 28 2827 1128 3962">
    <p class='ocr_par' dir='ltr' id='par_1_4' title="bbox 28 2827 1128 3630">
     <span class='ocr_line' id='line_1_23' title="bbox 28 2827 1127 2920; baseline -0.002 -22"><span class='ocrx_word' id='word_1_161' title='bbox 28 2837 29 2906; x_wconf 72' lang='lat' dir='ltr'><strong>j</strong></span> <span class='ocrx_word' id='word_1_162' title='bbox 115 2827 207 2912; x_wconf 80' lang='lat' dir='ltr'>ipsum</span> <span class='ocrx_word' id='word_1_163' title='bbox 229 2833 472 2918; x_wconf 84' lang='lat' dir='ltr'>(disputationis</span> <span class='ocrx_word' id='word_1_164' title='bbox 486 2835 691 2920; x_wconf 83' lang='lat' dir='ltr'>scriptorem)</span> <span class='ocrx_word' id='word_1_165' title='bbox 711 2834 913 2918; x_wconf 86' lang='lat' dir='ltr'>principatus</span> <span class='ocrx_word' id='word_1_166' title='bbox 936 2833 988 2898; x_wconf 89' lang='lat' dir='ltr'>sit.</span> <span class='ocrx_word' id='word_1_167' title='bbox 1033 2830 1127 2910; x_wconf 83' lang='lat' dir='ltr'>Quod</span> 
     </span>
     <span class='ocr_line' id='line_1_24' title="bbox 116 2937 1127 3022; baseline 0 -22"><span class='ocrx_word' id='word_1_168' title='bbox 116 2953 201 3016; x_wconf 87' lang='grc'><strong>00111</strong></span> <span class='ocrx_word' id='word_1_169' title='bbox 220 2937 291 3022; x_wconf 91' lang='lat' dir='ltr'>lego</span> <span class='ocrx_word' id='word_1_170' title='bbox 315 2959 433 3022; x_wconf 83' lang='lat' dir='ltr'>»penes</span> <span class='ocrx_word' id='word_1_171' title='bbox 454 2940 583 3022; x_wconf 83' lang='lat' dir='ltr'>ipsum«</span> <span class='ocrx_word' id='word_1_172' title='bbox 606 2939 714 3004; x_wconf 90' lang='lat' dir='ltr'>nescio</span> <span class='ocrx_word' id='word_1_173' title='bbox 735 2937 896 3022; x_wconf 92' lang='lat' dir='ltr'>quomodo</span> <span class='ocrx_word' id='word_1_174' title='bbox 923 2937 959 3000; x_wconf 91' lang='lat' dir='ltr'>in</span> <span class='ocrx_word' id='word_1_175' title='bbox 987 2941 1127 3000; x_wconf 86' lang='lat' dir='ltr'>mentem</span> 
     </span>
     <span class='ocr_line' id='line_1_25' title="bbox 115 3040 1126 3126; baseline -0.003 -20"><span class='ocrx_word' id='word_1_176' title='bbox 115 3040 181 3106; x_wconf 85' lang='grc'><strong>1111111</strong></span> <span class='ocrx_word' id='word_1_177' title='bbox 200 3043 286 3109; x_wconf 85' lang='lat' dir='ltr'>venit</span> <span class='ocrx_word' id='word_1_178' title='bbox 308 3044 426 3110; x_wconf 86' lang='lat' dir='ltr'>veteris</span> <span class='ocrx_word' id='word_1_179' title='bbox 455 3043 542 3108; x_wconf 86' lang='lat' dir='ltr'>illius</span> <span class='ocrx_word' id='word_1_180' title='bbox 570 3043 647 3108; x_wconf 87' lang='lat' dir='ltr'>dicti</span> <span class='ocrx_word' id='word_1_181' title='bbox 675 3041 798 3117; x_wconf 73' lang='grc' dir='ltr'><strong><em>αὐτὸς</em></strong></span> <span class='ocrx_word' id='word_1_182' title='bbox 818 3043 917 3126; x_wconf 77' lang='grc' dir='ltr'><strong><em>ἔφα,</em></strong></span> <span class='ocrx_word' id='word_1_183' title='bbox 947 3045 1013 3123; x_wconf 82' lang='lat' dir='ltr'>ipre</span> <span class='ocrx_word' id='word_1_184' title='bbox 1036 3043 1126 3114; x_wconf 78' lang='grc'><strong>111111,</strong></span> 
     </span>
     <span class='ocr_line' id='line_1_26' title="bbox 115 3146 1127 3234; baseline 0 -26"><span class='ocrx_word' id='word_1_185' title='bbox 115 3163 168 3226; x_wconf 82' lang='lat' dir='ltr'>qno</span> <span class='ocrx_word' id='word_1_186' title='bbox 195 3147 398 3232; x_wconf 75' lang='lat' dir='ltr'>Pythagorae</span> <span class='ocrx_word' id='word_1_187' title='bbox 428 3147 603 3232; x_wconf 90' lang='lat' dir='ltr'>discipulos</span> <span class='ocrx_word' id='word_1_188' title='bbox 638 3149 788 3234; x_wconf 87' lang='lat' dir='ltr'>magistri</span> <span class='ocrx_word' id='word_1_189' title='bbox 820 3147 871 3212; x_wconf 90' lang='lat' dir='ltr'>sui</span> <span class='ocrx_word' id='word_1_190' title='bbox 899 3146 1127 3210; x_wconf 82' lang='lat' dir='ltr'>auctoritatem</span> 
     </span>
     <span class='ocr_line' id='line_1_27' title="bbox 115 3246 1127 3337; baseline -0.001 -25"><span class='ocrx_word' id='word_1_191' title='bbox 115 3246 243 3316; x_wconf 87' lang='lat' dir='ltr'>indicare</span> <span class='ocrx_word' id='word_1_192' title='bbox 264 3252 403 3318; x_wconf 83' lang='lat' dir='ltr'>voluisse</span> <span class='ocrx_word' id='word_1_193' title='bbox 424 3260 536 3318; x_wconf 90' lang='lat' dir='ltr'>notum</span> <span class='ocrx_word' id='word_1_194' title='bbox 559 3258 622 3332; x_wconf 90' lang='lat' dir='ltr'>est,</span> <span class='ocrx_word' id='word_1_195' title='bbox 649 3259 816 3337; x_wconf 89' lang='lat' dir='ltr'>tamquam</span> <span class='ocrx_word' id='word_1_196' title='bbox 840 3249 952 3318; x_wconf 85' lang='lat' dir='ltr'>Cicero</span> <span class='ocrx_word' id='word_1_197' title='bbox 975 3249 1017 3314; x_wconf 90' lang='lat' dir='ltr'>ad</span> <span class='ocrx_word' id='word_1_198' title='bbox 1039 3247 1127 3312; x_wconf 92' lang='lat' dir='ltr'>istud</span> 
     </span>
     <span class='ocr_line' id='line_1_28' title="bbox 114 3349 1128 3443; baseline -0.001 -22"><span class='ocrx_word' id='word_1_199' title='bbox 114 3349 220 3421; x_wconf 82' lang='lat' dir='ltr'>dictum</span> <span class='ocrx_word' id='word_1_200' title='bbox 241 3355 387 3422; x_wconf 87' lang='lat' dir='ltr'>alludens</span> <span class='ocrx_word' id='word_1_201' title='bbox 410 3357 521 3422; x_wconf 82' lang='lat' dir='ltr'>festive</span> <span class='ocrx_word' id='word_1_202' title='bbox 544 3363 643 3441; x_wconf 90' lang='lat' dir='ltr'>atque</span> <span class='ocrx_word' id='word_1_203' title='bbox 661 3361 771 3443; x_wconf 89' lang='lat' dir='ltr'>jocose</span> <span class='ocrx_word' id='word_1_204' title='bbox 787 3378 846 3441; x_wconf 89' lang='lat' dir='ltr'>per</span> <span class='ocrx_word' id='word_1_205' title='bbox 868 3363 966 3440; x_wconf 76' lang='lat' dir='ltr'>iprum</span> <span class='ocrx_word' id='word_1_206' title='bbox 984 3376 1019 3421; x_wconf 90' lang='lat' dir='ltr'>se</span> <span class='ocrx_word' id='word_1_207' title='bbox 1040 3355 1128 3420; x_wconf 83' lang='lat' dir='ltr'>velut</span> 
     </span>
     <span class='ocr_line' id='line_1_29' title="bbox 113 3452 1127 3546; baseline 0.007 -27"><span class='ocrx_word' id='word_1_208' title='bbox 113 3452 186 3524; x_wconf 82' lang='lat' dir='ltr'>inter</span> <span class='ocrx_word' id='word_1_209' title='bbox 204 3469 329 3526; x_wconf 86' lang='lat' dir='ltr'>eeteros</span> <span class='ocrx_word' id='word_1_210' title='bbox 352 3459 571 3544; x_wconf 87' lang='lat' dir='ltr'>colloquentes</span> <span class='ocrx_word' id='word_1_211' title='bbox 593 3461 771 3544; x_wconf 88' lang='lat' dir='ltr'>principem</span> <span class='ocrx_word' id='word_1_212' title='bbox 801 3482 840 3526; x_wconf 89' lang='lat' dir='ltr'>ac</span> <span class='ocrx_word' id='word_1_213' title='bbox 867 3462 1058 3546; x_wconf 89' lang='lat' dir='ltr'>magistrum</span> <span class='ocrx_word' id='word_1_214' title='bbox 1079 3459 1127 3526; x_wconf 90' lang='lat' dir='ltr'>di·</span> 
     </span>
     <span class='ocr_line' id='line_1_30' title="bbox 113 3565 341 3630; baseline 0.009 -4"><span class='ocrx_word' id='word_1_215' title='bbox 113 3577 174 3626; x_wconf 86' lang='grc'><strong>0010</strong></span> <span class='ocrx_word' id='word_1_216' title='bbox 194 3565 341 3630; x_wconf 85' lang='lat' dir='ltr'>voluerit.</span> 
     </span>
    </p>

    <p class='ocr_par' dir='ltr' id='par_1_5' title="bbox 112 3665 1128 3962">
     <span class='ocr_line' id='line_1_31' title="bbox 167 3665 1127 3753; baseline 0.003 -23"><span class='ocrx_word' id='word_1_217' title='bbox 167 3665 224 3732; x_wconf 85' lang='lat' dir='ltr'>Est</span> <span class='ocrx_word' id='word_1_218' title='bbox 245 3669 345 3752; x_wconf 85' lang='lat' dir='ltr'>igitur</span> <span class='ocrx_word' id='word_1_219' title='bbox 367 3670 495 3734; x_wconf 91' lang='lat' dir='ltr'>omnino</span> <span class='ocrx_word' id='word_1_220' title='bbox 518 3667 598 3734; x_wconf 85' lang='lat' dir='ltr'>nihil</span> <span class='ocrx_word' id='word_1_221' title='bbox 618 3668 707 3734; x_wconf 90' lang='lat' dir='ltr'>aliud</span> <span class='ocrx_word' id='word_1_222' title='bbox 729 3669 961 3753; x_wconf 83' lang='lat' dir='ltr'>significatum,</span> <span class='ocrx_word' id='word_1_223' title='bbox 984 3670 1046 3734; x_wconf 88' lang='lat' dir='ltr'>nisi</span> <span class='ocrx_word' id='word_1_224' title='bbox 1068 3667 1127 3734; x_wconf 83' lang='lat' dir='ltr'>dii·</span> 
     </span>
     <span class='ocr_line' id='line_1_32' title="bbox 112 3765 1128 3858; baseline 0.003 -26"><span class='ocrx_word' id='word_1_225' title='bbox 112 3765 237 3837; x_wconf 85' lang='lat' dir='ltr'>larentia</span> <span class='ocrx_word' id='word_1_226' title='bbox 258 3773 446 3856; x_wconf 89' lang='lat' dir='ltr'>disputandi</span> <span class='ocrx_word' id='word_1_227' title='bbox 478 3772 572 3854; x_wconf 85' lang='lat' dir='ltr'>talis,</span> <span class='ocrx_word' id='word_1_228' title='bbox 604 3774 710 3857; x_wconf 88' lang='lat' dir='ltr'>qualis</span> <span class='ocrx_word' id='word_1_229' title='bbox 732 3775 819 3839; x_wconf 88' lang='lat' dir='ltr'>inter</span> <span class='ocrx_word' id='word_1_230' title='bbox 847 3782 1021 3858; x_wconf 87' lang='lat' dir='ltr'>utrumqne</span> <span class='ocrx_word' id='word_1_231' title='bbox 1051 3772 1128 3836; x_wconf 90' lang='lat' dir='ltr'>scri·</span> 
     </span>
     <span class='ocr_line' id='line_1_33' title="bbox 112 3875 1126 3962; baseline 0 -24"><span class='ocrx_word' id='word_1_232' title='bbox 112 3879 244 3956; x_wconf 72' lang='lat' dir='ltr'>plorem,</span> <span class='ocrx_word' id='word_1_233' title='bbox 277 3876 445 3944; x_wconf 88' lang='lat' dir='ltr'>Platonem</span> <span class='ocrx_word' id='word_1_234' title='bbox 476 3878 547 3942; x_wconf 85' lang='lat' dir='ltr'>dico</span> <span class='ocrx_word' id='word_1_235' title='bbox 575 3885 609 3943; x_wconf 93' lang='lat' dir='ltr'>et</span> <span class='ocrx_word' id='word_1_236' title='bbox 629 3879 857 3962; x_wconf 87' lang='lat' dir='ltr'>Aristotelem,</span> <span class='ocrx_word' id='word_1_237' title='bbox 895 3875 1126 3944; x_wconf 87' lang='lat' dir='ltr'>intercedebat.</span> 
     </span>
    </p>
   </div>
   <div class='ocr_carea' id='block_1_5' title="bbox 112 3972 1128 4276">
    <p class='ocr_par' dir='ltr' id='par_1_6' title="bbox 112 3972 1128 4276">
     <span class='ocr_line' id='line_1_34' title="bbox 113 3972 1126 4066; baseline -0.001 -22"><span class='ocrx_word' id='word_1_238' title='bbox 113 3972 207 4052; x_wconf 84' lang='lat' dir='ltr'>Quam</span> <span class='ocrx_word' id='word_1_239' title='bbox 231 3983 292 4046; x_wconf 87' lang='lat' dir='ltr'>etsi</span> <span class='ocrx_word' id='word_1_240' title='bbox 314 3981 426 4048; x_wconf 82' lang='lat' dir='ltr'>Cicero</span> <span class='ocrx_word' id='word_1_241' title='bbox 448 3981 648 4064; x_wconf 86' lang='lat' dir='ltr'>significavit,</span> <span class='ocrx_word' id='word_1_242' title='bbox 671 3989 780 4048; x_wconf 87' lang='lat' dir='ltr'>tamen</span> <span class='ocrx_word' id='word_1_243' title='bbox 804 3985 851 4050; x_wconf 88' lang='lat' dir='ltr'>sio</span> <span class='ocrx_word' id='word_1_244' title='bbox 870 4003 997 4066; x_wconf 90' lang='lat' dir='ltr'>qnoque</span> <span class='ocrx_word' id='word_1_245' title='bbox 1019 3979 1126 4044; x_wconf 91' lang='lat' dir='ltr'>Plato·</span> 
     </span>
     <span class='ocr_line' id='line_1_35' title="bbox 112 4083 1128 4172; baseline 0.001 -24"><span class='ocrx_word' id='word_1_246' title='bbox 112 4097 174 4148; x_wconf 87' lang='grc'><strong>11010</strong></span> <span class='ocrx_word' id='word_1_247' title='bbox 194 4083 303 4169; x_wconf 87' lang='lat' dir='ltr'>aliquo</span> <span class='ocrx_word' id='word_1_248' title='bbox 324 4084 420 4152; x_wconf 90' lang='lat' dir='ltr'>modo</span> <span class='ocrx_word' id='word_1_249' title='bbox 441 4086 582 4168; x_wconf 85' lang='lat' dir='ltr'>imitans,</span> <span class='ocrx_word' id='word_1_250' title='bbox 606 4087 692 4169; x_wconf 91' lang='lat' dir='ltr'>quod</span> <span class='ocrx_word' id='word_1_251' title='bbox 707 4087 828 4172; x_wconf 87' lang='lat' dir='ltr'>dialogi</span> <span class='ocrx_word' id='word_1_252' title='bbox 844 4088 981 4154; x_wconf 80' lang='lat' dir='ltr'>sormam</span> <span class='ocrx_word' id='word_1_253' title='bbox 993 4083 1128 4149; x_wconf 85' lang='lat' dir='ltr'>retinuit</span> 
     </span>
     <span class='ocr_line' id='line_1_36' title="bbox 112 4183 1125 4276; baseline 0.003 -28"><span class='ocrx_word' id='word_1_254' title='bbox 112 4183 211 4254; x_wconf 84' lang='grc'><strong>1111110</strong></span> <span class='ocrx_word' id='word_1_255' title='bbox 231 4189 424 4256; x_wconf 86' lang='lat' dir='ltr'>amicissimo</span> <span class='ocrx_word' id='word_1_256' title='bbox 446 4189 589 4256; x_wconf 86' lang='lat' dir='ltr'>indicare</span> <span class='ocrx_word' id='word_1_257' title='bbox 611 4197 699 4256; x_wconf 87' lang='lat' dir='ltr'>certe</span> <span class='ocrx_word' id='word_1_258' title='bbox 720 4193 845 4276; x_wconf 88' lang='lat' dir='ltr'>potuit,</span> <span class='ocrx_word' id='word_1_259' title='bbox 868 4189 946 4275; x_wconf 88' lang='lat' dir='ltr'>quid</span> <span class='ocrx_word' id='word_1_260' title='bbox 968 4195 1070 4266; x_wconf 85' lang='lat' dir='ltr'>esset,</span> <span class='ocrx_word' id='word_1_261' title='bbox 1093 4187 1125 4252; x_wconf 91' lang='lat' dir='ltr'>in</span> 
     </span>
    </p>
   </div>
   <div class='ocr_carea' id='block_1_6' title="bbox 0 0 1472 5076">
    <p class='ocr_par' dir='ltr' id='par_1_7' title="bbox 0 0 1472 5076">
     <span class='ocr_line' id='line_1_37' title="bbox 0 0 1472 5076; baseline 0 1"><span class='ocrx_word' id='word_1_262' title='bbox 0 0 1472 5076; x_wconf 95' lang='lat' dir='ltr'> </span> 
     </span>
    </p>
   </div>
  </div>
 </body>
</html>
