2966 5072
653 499 694 560 85

156 659 306 742 concedi,
347 681 543 747 quamquam
581 661 711 728 aliunde
744 661 824 726 satis
858 659 991 742 scirnus,
1032 660 1133 726 libros
1160 681 1181 724 a

155 761 327 846 Cicerone,
374 767 431 850 qui
473 766 516 834 ad
560 765 796 851 philosophiam
835 766 1018 848 pertinent,
1059 765 1181 830 minore

153 866 267 934 labore
289 869 392 936 factos
415 891 485 936 esse
501 871 570 955 ¹⁹²).
615 868 781 948 Quomodo
803 873 911 934 autem
932 867 985 932 ille
1006 868 1094 933 locus
1116 867 1181 950 epi-

154 971 258 1038 stolae
281 973 324 1038 ad
347 973 502 1052 Quintum
523 975 658 1040 hamam
680 973 798 1040 missae
815 973 948 1038 maximi
970 975 1013 1038 sit
1024 973 1180 1038 momenti
1244 961 1248 970 ’

156 1075 201 1142 ad
234 1080 436 1161 propositam
469 1080 689 1163 quaestionem
720 1077 919 1157 solvendam,
954 1097 1038 1160 quae
1076 1076 1181 1161 qualis

154 1179 224 1246 sere
246 1183 303 1262 sit,
338 1204 378 1249 ne
401 1183 581 1268 significare
603 1182 733 1267 quidem
761 1182 828 1248 ullo
856 1181 952 1248 modo
981 1203 1043 1248 von
1064 1181 1180 1246 Baum·

155 1283 259 1350 bauer
280 1285 396 1367 voluit,
419 1307 470 1352 me
492 1307 557 1352 uon
578 1286 756 1370 intelligere
780 1305 877 1368 posse
898 1286 1013 1350 fateor.

222 1387 317 1466 Quod
338 1396 510 1474 praeterea
530 1391 610 1458 dicit
631 1389 839 1456 Aristotelem
859 1390 893 1455 in
915 1388 1091 1456 scribendis
1114 1390 1180 1454 suis

153 1491 294 1577 dialogis
324 1494 471 1574 candem,
511 1517 606 1579 quam
631 1495 801 1562 Platonem
829 1493 864 1560 in
885 1493 1042 1578 Legibus,
1075 1493 1180 1558 Xeno-

153 1595 309 1682 phontem
331 1599 365 1664 in
376 1599 518 1664 Anabasi
528 1601 541 1684 (
550 1600 602 1684 l),
626 1598 814 1665 Ciceronem
827 1598 861 1664 in
874 1597 966 1662 libris
979 1596 1018 1662 de
1031 1595 1179 1675 Oratore,

153 1701 315 1768 rationem
337 1708 482 1768 secutum
504 1723 593 1786 esse,
622 1711 661 1770 ut
685 1704 830 1788 quamvis
852 1703 988 1768 alienam
1009 1721 1180 1785 personam

153 1805 360 1886 inducerent,
395 1827 435 1872 ex
462 1811 535 1872 tota
562 1812 672 1874 tamen
693 1807 795 1890 ipsius
822 1805 942 1889 dialogi
970 1805 1097 1870 ratione
1119 1804 1180 1870 sub

153 1929 195 1974 ea
217 1907 321 1976 intere
343 1909 601 1995 intelligerentur
615 1912 685 1996 ¹⁹³),
708 1909 769 1976 hoc
790 1931 860 1976 csse
876 1909 1031 1995 ejusmodi
1042 1907 1177 1986 ridetur,

154 2012 244 2096 quod
265 2033 325 2080 nec
346 2013 469 2080 firmari
491 2015 573 2080 satis
602 2036 661 2081 nec
683 2013 786 2080 refelli
813 2015 927 2099 possit.
977 2013 1179 2096 Quamquam

154 2118 189 2182 in
211 2116 261 2182 his
284 2137 466 2202 repugnare
487 2119 550 2184 sibi
573 2119 682 2204 aliquo
704 2117 800 2185 modo
822 2139 886 2186 von
906 2117 1111 2184 Baumhauer
1132 2117 1176 2180 vi-

153 2220 270 2301 detur,
301 2222 490 2306 conjiciens,
523 2230 561 2290 ut
580 2223 675 2290 Plato
697 2223 847 2290 inlibris
877 2223 944 2292 suis
976 2223 1017 2288 de
1038 2221 1178 2306 Legibus

153 2347 220 2392 nou
243 2327 348 2410 ipsam
369 2347 581 2410 personarum
601 2328 759 2406 indolem,
783 2349 867 2413 quae
887 2349 1005 2412 magna
1024 2350 1064 2393 ex
1084 2333 1178 2411 purte

153 2433 222 2515 ejus
244 2430 445 2514 dialogorum
465 2436 552 2504 ratio
573 2434 681 2515 meria
705 2435 801 2502 simul
822 2441 971 2520 exponat,
994 2435 1051 2502 sed
1065 2435 1178 2502 statim

152 2535 259 2618 ipsum
281 2544 506 2620 argumentum
535 2540 759 2625 aggrediatur,
794 2542 842 2608 ita
864 2540 1072 2606 Aristotelem
1100 2561 1177 2621 quo·

153 2661 217 2724 que
237 2661 314 2706 suos
338 2641 482 2728 dialogos
503 2644 710 2729 disposuisse.
755 2645 844 2712 Haec
864 2644 944 2729 quid
964 2641 1114 2726 prohibet
1133 2643 1179 2706 sie

152 2743 348 2828 intelligere:
383 2745 428 2812 Ut
448 2747 543 2816 Plato
564 2750 599 2816 in
626 2748 719 2816 libris
747 2750 786 2814 de
813 2746 952 2832 Legibus
981 2747 1178 2830 prooemium

153 2847 275 2914 nubum
307 2850 490 2934 praemisit,
523 2851 572 2920 ita
599 2853 792 2926 Aristoteles
825 2874 953 2938 quoque
987 2851 1077 2918 nulla
1110 2851 1176 2916 suis

152 2951 289 3036 dialogis
311 2953 476 3036 prooemia
496 2957 723 3040 praeposuisse
744 2958 905 3040 putandus
930 2957 1000 3024 cst?
1032 2954 1068 3020 Id
1092 2954 1178 3038 quod

152 3057 250 3122 ctiam
271 3055 400 3122 ridetur
428 3059 610 3142 siguificare
640 3061 778 3128 voluisse
798 3062 938 3128 Basilius
958 3060 1095 3143 Magnus
1109 3060 1177 3142 ¹⁹4),

151 3163 242 3245 cujus
271 3180 373 3244 supra
408 3165 601 3232 mentionem
634 3165 783 3247 fecimus,
817 3168 874 3250 qui
902 3164 1110 3232 Aristotelem
1144 3170 1177 3226 et

150 3263 412 3347 Theophrastum
433 3267 536 3334 tradit
558 3269 593 3334 in
615 3269 752 3353 dialogis
774 3272 886 3336 statim
897 3291 950 3336 res
972 3269 1071 3351 ipsas,
1095 3287 1176 3350 quas

149 3367 312 3452 explicare
333 3367 461 3452 vedent,
483 3392 654 3456 aggressos
678 3393 760 3454 esse,
782 3379 956 3457 propterea
972 3370 1060 3455 quod
1078 3391 1177 3454 quan·

149 3481 221 3540 tum
242 3493 262 3537 a
283 3472 429 3540 Platonis
450 3483 618 3544 venustate
639 3479 809 3560 abessent,
833 3478 895 3546 sibi
916 3477 1035 3543 conscii
1056 3483 1175 3558 essent,

149 3574 319 3642 Platonem
341 3582 451 3643 autem
474 3579 627 3646 libertate
655 3583 811 3649 sermonis
841 3589 875 3650 et
901 3582 1090 3665 impugnare
1112 3580 1176 3646 col·

148 3678 351 3764 loquentium
372 3684 549 3752 sententias
571 3691 604 3751 et
625 3685 776 3770 effingere
794 3687 890 3754 simul
916 3693 1015 3770 atque
1041 3685 1177 3753 irridere

150 3803 263 3850 eorum
291 3805 413 3866 morea,
447 3809 528 3872 quos
549 3788 718 3873 loquentes
746 3789 922 3858 induceret.
974 3790 1018 3854 At
1045 3810 1120 3856 vero
1150 3791 1177 3854 si

150 3887 327 3972 quidquam
349 3887 490 3958 dandum
512 3900 564 3960 est
586 3895 773 3962 auctoritati
796 3894 961 3964 Ciceronis
978 3894 1052 3978 ¹⁹⁵),
1082 3915 1175 3978 quem

226 4061 635 4128 192)Aalrs0.xn,52‚a.
749 4061 939 4132 19³)hsp.
959 4061 1001 4113 84.
1114 4059 1177 4128 194)

151 4127 180 4252 :z
200 4133 313 4255 Elpssislolc
338 4133 446 4195 CLlVll,
471 4135 537 4186 'lom
555 4136 613 4200 (ipp.
641 4136 669 4186 lll
689 4153 712 4200 p.
735 4135 784 4186 187
803 4136 830 4188 C.
958 4132 1022 4199 195)
1041 4131 1084 4183 Ad
1101 4131 1176 4185 Atrio.
