2870 5076
615 416 895 484 ⁴-ss-

211 597 261 654 cet
282 588 450 654 materiam
472 609 543 656 esse
567 609 698 655 causam
726 590 963 674 secundariam,
993 591 1180 678 primariam
1206 589 1301 655 tinem
1322 597 1360 653 st·

211 715 274 787 que
297 697 391 764 huius
414 701 520 786 gretie
542 721 613 765 esse
636 699 834 767 substratum
845 702 877 786 ¹).

296 807 352 874 Sic
384 809 521 876 metes-is
554 809 688 899 eiusque
715 821 820 878 motus
847 811 882 877 in
915 811 1116 878 necessitatis
1150 812 1225 878 loco
1252 807 1360 890 eunt¹).

210 921 327 1007 Neque
354 917 459 986 minus
489 921 664 987 necessitas
699 945 782 1011 qnae
813 932 862 990 est
890 945 931 989 ex
964 922 1137 1012 hypothesi
1171 921 1310 988 cernitur
1334 919 1361 982 in

212 1030 306 1096 certis
329 1051 367 1096 ec
389 1029 489 1096 firmis
512 1031 648 1119 legibus,
671 1033 787 1120 quibus
808 1035 910 1102 omnis
927 1043 1015 1102 crtus
1038 1043 1071 1100 et
1091 1032 1269 1100 effectionis
1290 1029 1362 1094 retis

212 1139 456 1228 circumscripta
480 1152 538 1208 est.
585 1141 694 1208 Veluti
716 1133 889 1212 senites'si
911 1147 962 1214 cui
985 1143 1186 1212 restituenda
1217 1152 1281 1224 est,
1310 1139 1364 1228 pri-

210 1275 299 1318 mum
326 1251 414 1318 celer
442 1253 628 1318 efficiendus
663 1262 729 1336 est,
764 1254 880 1322 deinde
914 1257 998 1324 iuste
1029 1256 1172 1344 corperis
1201 1251 1363 1338 temperies

211 1371 339 1450 oportet
365 1359 501 1446 eristun
532 1373 629 1451 etque
658 1363 820 1432 demessi
843 1377 892 1434 est
917 1366 1120 1433 aedificanda
1141 1365 1281 1454 primum
1302 1363 1362 1441 hoc,

73 1497 76 1512 ·
128 1467 134 1478 '
212 1471 328 1538 deinde
362 1470 450 1537 eliud
485 1473 562 1561 quid
596 1483 645 1539 est
669 1476 890 1574 movendum,
924 1497 1027 1564 eaque
1060 1477 1186 1542 ratione
1222 1474 1364 1558 deinceps

214 1586 338 1668 emnia,
367 1583 471 1650 donec
494 1581 606 1650 domus
636 1609 720 1673 quse
748 1597 818 1652 eret
843 1597 952 1654 mente
980 1596 1137 1676 concepte
1159 1587 1199 1652 ed
1225 1587 1364 1652 effectum

211 1697 351 1763 adducta
372 1695 465 1780 est⁸).
495 1693 582 1773 Quin
598 1696 680 1762 adso
696 1697 810 1780 forma,
835 1708 922 1764 certe
945 1698 1158 1785 aliquatenus,
1182 1699 1215 1764 in
1239 1692 1365 1762 necessi·
1424 1709 1425 1784 ξ

211 1808 286 1872 tetis
307 1806 378 1871 loco
402 1804 552 1872 habende
574 1815 631 1871 est.
667 1805 723 1872 Sic
746 1815 842 1874 serre
857 1818 892 1874 ut
914 1807 1052 1875 dissecet
1073 1807 1164 1895 ligne
1186 1803 1365 1874 instruenda
1424 1811 1425 1874 ξ

212 1925 261 1982 est
284 1916 432 1982 dentibus
454 1917 487 1981 in
511 1923 634 1981 certum
657 1919 788 1984 medum
806 1917 1055 2004 conformetis⁴).
1085 1920 1249 1985 Accurete
1268 1925 1365 1983 eutem
1424 1961 1425 1964 ,

212 2049 278 2092 rem
303 2027 330 2092 si
352 2027 613 2110 consideramus,
635 2038 704 2096 tote
725 2031 829 2097 forma
851 2030 1035 2096 necessarie
1058 2039 1107 2096 est
1129 2053 1170 2096 ex
1193 2025 1365 2118 hypothesi.
1424 2029 1425 2046 ¹

212 2137 300 2203 Nem
322 2147 360 2203 ut
381 2137 547 2204 videamus
570 2140 651 2206 haec
673 2141 756 2206 oculi
787 2142 890 2207 forme
920 2151 1017 2228 atque
1039 2149 1156 2207 nature
1179 2141 1222 2206 sit
1244 2155 1366 2206 necesse

212 2368 241 2428 ἐξ
264 2365 436 2428 ὑποθέσεως·
460 2363 553 2441 ὥσπερ
576 2367 631 2441 γάρ
655 2369 715 2424 ἐπεὶ
739 2370 784 2425 det
800 2373 901 2441 σχίζειν
920 2373 957 2442 τῷ
981 2375 1102 2438 πελέκει,
1126 2369 1235 2440 ἀνάγκη
1259 2363 1365 2436 σκληρὸν

212 2455 291 2520 εἶναι,
310 2458 334 2509 ελ
352 2455 384 2508 ἀὲ
404 2451 534 2528 σκληρόν,
550 2459 676 2524 χαλκοῦν
694 2455 710 2526 ἢ
730 2459 873 2530 σιδηροῦν,
894 2458 980 2522 οὕτως
998 2463 1046 2515 καὶ
1064 2461 1125 2514 ἐπεὶ
1142 2456 1172 2514 sd
1193 2461 1275 2531 σῶμα
1293 2451 1366 2528 ἀργο·

211 2559 261 2598 νον
281 2539 374 2612 (ἕνεκά
393 2560 466 2602 τινος
484 2539 538 2612 γάρ
557 2543 675 2599 ἕκαστον
688 2548 743 2600 τῶν
754 2551 873 2620 μορίων,
893 2544 996 2620 ὁμοίως
1009 2548 1040 2604 ἀὲ
1053 2550 1100 2602 καλ
1112 2545 1142 2602 τό
1157 2542 1366 2620 ἀλον),ιάνάγκη

212 2625 265 2703 ἀρα
283 2629 390 2684 τοιονάλ
409 2629 546 2684 εἶναικαὶ
565 2632 595 2685 ἐκ
613 2634 736 2700 τοιωνάί,
755 2638 780 2690 ελ
799 2635 887 2691 έκεῖνο
908 2635 993 2691 ἔσται.

287 2719 304 2783 ¹)
324 2719 406 2786 Phys.
430 2722 469 2786 11,
496 2725 521 2774 9.
550 2727 671 2776 20οο5ε
699 2722 761 2776 ἀλλ1
786 2721 862 2796 ὅμως
885 2721 936 2777 οάκ
961 2718 1028 2779 ἀνευ
1051 2721 1106 2794 μὲν
1130 2721 1235 2778 τούτων
1261 2723 1367 2792 γέγονεν

211 2809 279 2875 (scil.
299 2803 314 2859 ὁ
334 2808 451 2875 τοῖχος),
476 2807 509 2862 οά
533 2813 630 2882 μέντοι
653 2811 701 2865 dud
723 2813 808 2866 ταῦτα
829 2812 901 2881 πλὴν
923 2811 959 2872 cie
984 2813 1013 2866 ἀλ
1035 2809 1112 2880 ὕλην,
1137 2808 1199 2865 ἀλλ’
1223 2811 1305 2867 ἕνεκα
1326 2808 1367 2862 τοῦ

213 2892 344 2968 κρύπτειν
363 2886 430 2946 ἀττα
453 2898 501 2948 καὶ
524 2895 627 2960 σώζειν.
652 2897 755 2970 ὁμοίως
778 2901 810 2954 ἀὲ
833 2902 881 2954 καὶ
899 2899 929 2955 ἐν
947 2905 1003 2959 τοῖς
1022 2895 1115 2960 ἀλλοις
1133 2902 1230 2967 πᾶσιν,
1253 2899 1284 2954 ἐν
1301 2893 1367 2954 ὅσοις

211 2983 242 3037 τὸ
262 2979 341 3038 ἕνεκά
361 3000 409 3035 του
429 2979 512 3049 ἐστίν,
536 2984 587 3038 οὐκ
611 2981 676 3042 ἀνευ
693 2987 748 3058 μὲν
766 2989 820 3041 τάν
838 2983 997 3057 ἀναγκαίαν
1017 2985 1204 3058 ἐχόντωντὴν
1223 2985 1317 3058 φύσιν,
1338 2975 1366 3036 ον’
1425 2971 1426 2996 ¹

211 3075 308 3143 μέντοι
326 3087 358 3139 γε
378 3067 424 3122 dui
443 3071 528 3124 ταῦτα
548 3069 609 3124 ἀλλ’
630 3070 646 3140 ἢ
666 3071 701 3133 cic
720 3070 794 3142 ὕλην,
813 3071 875 3128 ἀλλ’
897 3071 977 3130 ἕνεκά
995 3093 1053 3140 του,
1074 3069 1135 3130 οἷον
1153 3074 1200 3129 <tut
1219 3079 1248 3128 τί
1257 3073 1274 3128 d
1287 3076 1367 3144 πρίων
1425 3073 1426 3078 ’

212 3158 336 3219 τοιοσάί;
360 3155 436 3217 ὅπως
453 3159 516 3212 τοδὶ
534 3162 581 3212 καὶ
600 3161 680 3215 ἕνεκα
699 3162 787 3215 τονάί.
812 3164 893 3217 τοῦτο
917 3167 1013 3236 μέντοι
1033 3163 1063 3218 td
1083 3152 1117 3216 οὗ
1135 3165 1217 3219 ἕνεκα
1236 3159 1367 3217 ἀδύνατον
1425 3171 1426 3236 5

211 3250 353 3318 γενέσθαι,
377 3240 468 3318 ἀκμὴ
487 3247 616 3321 σιδηροῦς
634 3243 665 3321 ᾗ·
690 3247 798 3320 ἀνάγκη
817 3244 871 3322 ἀρα
891 3251 1026 3324 σιδηροῦν
1043 3251 1123 3317 εἶναι,
1149 3255 1174 3306 ελ
1192 3255 1282 3324 πρίων
1300 3251 1367 3304 ἔσται
1425 3245 1426 3264 ¹

213 3339 260 3389 καλ
277 3334 307 3389 τὸ
328 3336 412 3406 ἔργον
431 3333 528 3390 αὐτοῦ.
1425 3329 1426 3350 ¹

289 3426 308 3490 ²)
327 3426 357 3478 L.
376 3425 394 3474 l.
415 3429 465 3478 200
478 3443 494 3477 ιι
508 3429 555 3481 30:
578 3423 703 3495 φανερὸν
723 3423 757 3492 δὴ
783 3421 824 3478 ὅτι
848 3424 878 3480 τὸ
899 3423 1056 3498 ἀναγκαῖον
1075 3427 1105 3481 έν
1122 3433 1179 3487 τοῖς
1197 3431 1324 3498 φυσικοῖς
1340 3422 1366 3477 τὰ

214 3508 250 3570 ἀς
268 3509 318 3578 ὕλη
338 3508 492 3582 λεγόμενον
509 3513 557 3565 καλ
576 3515 606 3564 αλ
624 3509 743 3579 κινήσεις
760 3515 791 3566 αἱ
808 3511 914 3582 ταύτης.

286 3599 307 3668 ³)
326 3601 366 3652 De
385 3608 450 3668 pert.
470 3617 512 3656 an.
530 3604 552 3666 1,
574 3607 597 3652 l.
618 3605 669 3654 639
681 3601 699 3653 h
712 3606 757 3654 23:
776 3598 895 3675 ὑπάρχει
914 3603 946 3658 ἀὲ
964 3602 994 3657 τὸ
1013 3603 1067 3674 μὲν
1079 3602 1175 3664 ἀπλοάς
1192 3610 1249 3664 τοῖς
1266 3601 1367 3668 ἀϊδίοις,

212 3685 243 3742 τό
264 3683 293 3739 d'
316 3686 345 3746 ἐξ
362 3682 523 3746 ἀποθέσεως
541 3691 589 3741 καὶ
606 3693 664 3747 τοῖς
681 3687 712 3742 ἐν
729 3691 835 3757 γενέσει
853 3692 950 3755 πᾶσιν,
975 3687 1067 3759 ὥσπερ
1088 3692 1118 3747 ἐν
1136 3697 1192 3752 τοῖς
1210 3693 1367 3762 τεχναστοῖς,

213 3769 273 3830 οἷον
293 3778 366 3844 ολκίᾳ
390 3778 437 3830 κιιλ
459 3778 517 3831 ταῖν
539 3769 630 3829 ἀλλων
652 3772 759 3845 ὁτῳοῦν
779 3781 834 3832 τῶν
856 3776 1003 3833 τοιούτων.
1023 3776 1130 3852 ἀνάγκη
1150 3779 1181 3842 δὲ
1200 3778 1308 3835 τοιάνάε
1325 3777 1367 3844 τὴν

212 3861 280 3931 ὕλην
297 3859 428 3933 ὑπάρξαι,
448 3867 472 3918 ελ
490 3865 566 3919 ἔσται
585 3867 659 3916 ολκίοι
677 3860 694 3931 ἢ
713 3859 781 3919 ἀλλο
793 3887 817 3920 τι
830 3869 914 3926 τέλος·
933 3869 981 3920 καλ
998 3871 1130 3937 γενέσθαι
1149 3885 1176 3922 τε
1195 3872 1242 3922 κοιλ
1259 3866 1367 3934 κινηθῆ-

211 3969 259 4006 ναι
278 3952 321 4006 ἀεῖ
337 3948 401 4005 τόάε
419 3954 539 4024 πρῶτον,
565 3953 623 4006 εἶτα
647 3949 725 4018 τάἀε,
749 3957 796 4007 καλ
819 3955 917 4009 τοῦτον
937 3951 970 4021 δὴ
988 3954 1037 4010 τὸν
1055 3953 1160 4030 τρόπον
1179 3958 1277 4028 ἐφεξῆς
1293 3958 1367 4028 μέχρι

213 4039 261 4093 τὀῦ
279 4042 373 4099 τέλους
391 4041 438 4092 καλ
457 4029 489 4094 οὗ
508 4041 588 4096 ἕνεκα
606 4044 710 4111 γίνεται
723 4040 842 4097 ἕκαστον
854 4045 901 4096 καλ
913 4043 995 4096 ἔστιν.
1016 4041 1146 4105 ἀσαάιως
1164 4044 1196 4098 ἀὲ
1215 4047 1262 4098 κοιλ
1278 4044 1306 4097 έν
1317 4043 1368 4096 τοῖς

213 4124 298 4199 φύσει
315 4130 500 4198 γιγνομένοις.

285 4217 307 4282 ⁴)
327 4218 408 4285 Phys.
427 4218 463 4282 ΙΙ,
483 4222 509 4271 9.
528 4222 578 4271 200
592 4215 610 4270 b
624 4223 651 4269 4:
675 4219 741 4276 ἴσως
764 4216 796 4270 ἀὲ
818 4217 865 4270 καὶ
884 4216 914 4272 ἐν
936 4216 1065 4288 τῷλόγῳ
1084 4218 1190 4273 desisti
1210 4219 1365 4290 eversatur.

212 4304 371 4377 ὀρινομένῳ
388 4302 443 4376 γάρ
460 4301 490 4358 τὸ
509 4304 593 4376 ἔργον
610 4306 659 4358 τοῦ
678 4309 769 4376 πρίων
781 4301 823 4358 ὅτι
836 4304 968 4377 διαίρεσις
979 4305 1080 4360 τοιαδί·
1099 4303 1167 4375 αάτη
1181 4304 1210 4360 d'
1225 4301 1276 4360 οάκ
1288 4305 1366 4364 ἔσται»

213 4397 238 4448 ελ
254 4392 293 4465 μὴ
312 4392 365 4452 ἕξει
388 4389 505 4452 σ’ἀάντως
527 4395 665 4447 τοιουσάί·
691 4381 767 4452 οὗτοι
790 4389 818 4445 δ’
840 4387 882 4457 οὔ,
905 4396 930 4447 ελ
951 4393 989 4465 μὴ
1008 4394 1145 4465 σιδηροῦς.
1171 4395 1228 4450 ἔστι
1249 4393 1303 4465 γάρ
1325 4390 1365 4443 καί

214 4481 244 4536 ἐν
261 4482 299 4547 τῷ
317 4477 391 4550 λόγῳ
409 4481 469 4536 ἔνια
486 4481 573 4554 μόρια
592 4480 628 4543 ὡς
646 4479 696 4549 ἀλη
714 4482 764 4535 τοῦ
783 4477 876 4550 λόγου.
1030 4475 1031 4480 ’
