2934 5076
554 405 744 472 ..5-

86 589 210 664 comunt,
232 601 368 668 corporo
383 601 466 668 quoe
482 587 616 668 possunt
630 577 747 645 durare
763 575 908 644 efficiunt
917 576 954 662 ¹).
988 577 1103 664 Itaque
1118 599 1228 666 quem·

86 691 124 756 ris
137 699 245 780 sponte
260 700 293 757 et
307 691 439 758 fortuite
454 713 506 756 res
523 697 611 756 ortae
627 689 698 773 sint,
721 698 830 755 tomen
851 695 927 754 sunt
942 687 1110 772 eiusmodi,
1134 689 1225 777 qussi

84 823 131 888 per
154 823 279 867 consum
313 801 442 868 finalem
477 801 542 866 sint
574 801 723 884 effectos,
757 799 908 887 quocirca
941 801 1084 888 corporis
1116 809 1227 888 partes

84 911 202 978 alienius
223 911 270 977 rei
294 933 400 996 cause,
422 911 453 976 b.
470 933 499 976 e.
523 910 687 978 adsertae
709 909 833 998 totique
856 909 983 998 corpori
1000 911 1226 978 convenientes

82 1021 244 1088 functiones
268 1020 466 1088 exhibendos
489 1020 653 1088 institutos
669 1041 739 1086 esse
755 1019 846 1086 nobis
862 1017 1023 1087 videntur.
1058 1019 1126 1086 Iam
1150 1043 1223 1088 cum

83 1153 135 1196 non
155 1135 336 1199 noverimus
358 1133 419 1198 nisi
441 1140 573 1197 neturus
595 1131 641 1197 ite
663 1139 877 1218 comparatus,
901 1139 938 1195 ut
957 1131 1081 1218 possint
1102 1153 1227 1224 conser-

84 1241 155 1326 vsri,
182 1241 213 1308 in
243 1263 352 1308 rernm
380 1251 495 1308 notura
517 1240 700 1327 ubicunque
723 1263 853 1306 oensem
874 1239 1006 1307 finalem
1029 1242 1140 1308 volere
1162 1241 1227 1330 opi·

84 1357 211 1417 namur!

155 1461 276 1530 Contra
297 1485 393 1550 qnam
416 1461 573 1528 rationem
591 1459 843 1547 Empedoclenm
859 1460 1052 1530 Aristoteles
1068 1473 1227 1552 provocet

84 1570 116 1636 sd
136 1572 342 1638 constentiam
365 1593 449 1658 quoe
470 1571 503 1636 in
525 1569 623 1636 rebus
645 1581 779 1636 naturae
804 1581 964 1638 cernatur.
1004 1573 1226 1661 Quaecunque

85 1681 154 1748 enim
179 1691 293 1749 notura
324 1681 500 1770 gignentur
526 1691 583 1748 eut
611 1703 739 1770 semper
767 1683 842 1748 oriri
875 1685 988 1752 eedem
1018 1684 1143 1750 ratione
1171 1692 1226 1748 aut

85 1791 274 1883 plerumque,
298 1803 409 1860 contra
431 1815 473 1858 ex
495 1791 534 1858 iis
557 1813 640 1880 quse
663 1815 739 1858 casu
762 1803 794 1858 et
814 1792 945 1860 fortuito
969 1794 1125 1862 exsistant
1146 1790 1226 1857 nihil

85 1899 120 1966 its
139 1924 172 1968 se
192 1902 321 1971 hebere.
364 1905 440 1972 Non
456 1903 540 1968 enim
556 1925 632 1968 casu
648 1901 751 1968 videri
774 1926 871 1992 eoepe
894 1905 1006 1992 pluere
1030 1903 1144 1984 hieme,
1169 1901 1227 1966 sed

85 2011 104 2074 si
129 2013 183 2078 snb
213 2013 320 2081 sidere
349 2014 523 2080 coniectori
552 2035 650 2101 saepe
679 2012 786 2101 pluat,
816 2036 923 2104 neque
951 2025 1058 2082 aestus
1081 2013 1143 2080 dici
1166 2011 1225 2078 sub

86 2123 162 2190 stelin
181 2127 313 2208 canino,
340 2125 397 2190 sed
424 2124 531 2190 hieme
558 2121 707 2190 occidere
730 2146 817 2190 essu.
863 2125 980 2214 Itaque
1002 2149 1074 2192 cum
1096 2145 1148 2190 res
1171 2131 1227 2189 ont

86 2255 148 2301 essu
168 2245 200 2300 et
220 2236 351 2301 fortuito
373 2236 436 2300 sint
459 2245 514 2300 snt
536 2233 577 2298 ob
600 2233 740 2321 aliquem
765 2257 906 2320 censam,
929 2236 1005 2302 talio
1020 2246 1126 2302 autem
1149 2256 1226 2300 cusu

85 2341 141 2410 fieri
160 2355 336 2434 nequeant,
364 2345 405 2412 ob
434 2345 576 2434 aliquem
605 2367 735 2410 causum
766 2345 831 2412 sint
856 2368 989 2414 necesse
1018 2368 1099 2412 esse.
1142 2343 1224 2412 (ium

86 2475 148 2521 vero
169 2467 283 2523 nstsrn
305 2456 369 2522 sint
390 2455 468 2522 teliu
491 2456 609 2538 omnio,
625 2455 658 2520 in
674 2456 875 2524 naturalibus
890 2456 986 2523 rebus
998 2479 1128 2524 causum
1151 2454 1227 2520 fino-

85 2561 135 2632 lem
156 2589 226 2634 esse
248 2566 497 2654 agnoscendum.
543 2565 618 2646 Qus
647 2567 944 2655 argumentatione,
972 2568 999 2634 si
1022 2566 1099 2656 quid
1120 2566 1226 2647 video,

86 2677 148 2743 nihil
169 2677 314 2744 efficitur.
358 2677 482 2744 Nititur
504 2676 590 2744 enim
612 2677 742 2744 notione
766 2701 863 2766 quem
883 2701 976 2745 casus
992 2689 1091 2766 atque
1105 2675 1227 2744 fortuiti

87 2785 261 2854 Aristoteles
284 2787 465 2872 constitnit,
489 2787 629 2855 maxime
652 2809 690 2853 eo
714 2788 801 2876 quod
824 2811 900 2855 essu
924 2811 1080 2855 essenon
1103 2787 1228 2876 possint

87 2915 117 2960 cs
134 2921 212 2986 quse
234 2908 290 2964 sut
311 2919 438 2987 semper
461 2909 517 2966 sut
539 2899 730 2987 plerumque
754 2900 868 2966 eedem
890 2899 1015 2968 ratione
1030 2899 1226 2985 evenient¹).

88 3003 141 3072 seo
160 3007 352 3076 credendum
384 3019 447 3091 est,
470 3009 704 3097 Empedoclem
732 3011 930 3078 concessisse
955 3009 1072 3078 iterum
1100 3010 1228 3078 iterum·

25 3197 26 3204 ἵ
88 3139 138 3202 quo
158 3119 313 3186 clemente
335 3120 537 3186 concurrisse
552 3129 585 3186 et
599 3143 712 3187 rursus
734 3121 835 3188 fnisse
853 3121 1016 3205 dissoluta,
1040 3121 1225 3210 prinsquam

88 3247 129 3291 res
148 3252 228 3318 quse
256 3240 389 3318 possent
409 3229 528 3297 durare
557 3231 759 3298 exsisterent.
806 3231 901 3312 Quod
924 3231 1009 3297 idem
1032 3233 1143 3300 statuit
1163 3232 1227 3299 Ln-

89 3339 232 3420 cretins').

147 3577 164 3646 ¹)
180 3581 228 3632 cni
246 3597 332 3633 rernm
349 3587 464 3634 ortorum
482 3582 656 3650 explicstioni
675 3583 794 3638 conterre
811 3584 874 3637 lieet
891 3585 996 3638 Lucret.
1019 3585 1051 3650 V,
1071 3587 1184 3652 tltsqq.

147 3665 166 3732 ¹)
184 3669 262 3736 Phys.
281 3670 316 3732 11,
336 3671 353 3721 6
371 3671 410 3722 in.

148 3752 165 3818 ')
182 3756 221 3809 Cf.
235 3758 267 3820 V,
286 3759 415 3824 83'tsqq.=

208 3845 345 3912 Multoque
363 3853 419 3898 tum
436 3847 517 3898 tellus
535 3847 614 3898 etium
633 3855 754 3914 portentu
772 3863 859 3899 oreore

209 3939 328 3985 consuet
344 3936 413 3985 mire
430 3935 497 3986 isoio
515 3934 694 4003 membrisque
711 3945 810 4000 conns,

210 4021 401 4089 mdrogynum,
420 4022 601 4090 interum-sque
617 4039 668 4076 nso
686 4031 785 4090 nuum,
804 4027 937 4092 utrimque
954 4033 1092 4089 remotum,

210 4109 271 4162 orbs
289 4109 383 4176 pedum
403 4113 506 4176 purtim,
526 4127 651 4164 munuum
671 4111 783 4164 vidnsts
801 4115 930 4178 vicissim,

209 4205 280 4248 muta
298 4199 357 4248 sine
375 4213 418 4250 ors
436 4201 525 4262 etism,
544 4200 603 4250 sine
620 4201 698 4252 voltu
718 4215 798 4254 cesos
814 4209 925 4269 repertu,

212 4287 353 4352 sinctsqne
370 4287 544 4340 membrorum
563 4301 609 4354 per
627 4295 714 4342 tetum
731 4301 826 4357 corpus
845 4290 973 4352 adnutu,

212 4389 258 4424 nso
275 4373 361 4426 tscers
376 4381 407 4426 nt
424 4381 532 4442 possent
550 4375 694 4443 quicquum
713 4391 762 4428 nso
780 4376 871 4430 cedere
891 4391 1026 4446 quoquam

214 4476 260 4514 nse
277 4463 361 4515 ritsre
379 4463 476 4516 molum
495 4479 543 4516 nec
561 4479 664 4518 suumne
684 4463 756 4534 quod
773 4466 840 4518 torst
858 4481 932 4522 usus.
