2966 5072
652 487 692 550 75

157 651 262 736 ditur,
285 655 402 721 eximio
421 653 598 722 instructus
621 655 703 720 artis
724 675 803 721 suae
824 659 857 719 et
886 661 1004 720 ornatu
1033 658 1067 719 et
1088 653 1180 735 copie

159 759 250 842 quasi
271 757 459 844 periclitans
480 757 537 823 illa
558 757 744 825 Aristotelis
766 764 940 842 praecepta
970 763 1003 822 et
1033 777 1068 822 sc
1094 754 1180 821 dele·

159 867 250 927 mans
270 861 412 928 oratoria
435 882 494 927 sua
515 861 667 928 ubertate
690 868 787 946 atque
810 861 1019 942 abundantia,
1042 880 1180 943 quame

160 966 358 1032 sermonibus
392 965 642 1050 colloquentium
679 966 742 1032 sibi
777 973 981 1034 resonantem
1013 971 1180 1048 tamquam

127 1055 328 1156 'imaginem
349 1071 496 1156 percipit.
542 1070 595 1135 Sic
622 1090 702 1136 saue
731 1071 902 1137 admodum
930 1072 1016 1135 inter
1047 1091 1082 1134 se
1103 1073 1180 1134 suut

160 1173 274 1241 diversi
297 1173 462 1242 Ciceronis
483 1173 559 1240 libri
581 1173 620 1239 de
644 1173 782 1240 Oratore
812 1181 846 1241 et
867 1175 1051 1242 Aristotelis
1073 1175 1180 1240 rheto-
1232 1241 1247 1252 ,

161 1277 238 1360 rica,
267 1299 328 1346 nec
352 1277 446 1343 facile
477 1277 652 1362 quidquam
674 1279 761 1344 inter
783 1299 823 1344 ea
842 1280 1059 1346 similitudinis
1082 1299 1180 1363 agno·

163 1381 313 1447 scendum
336 1401 408 1446 esse
428 1380 567 1460 diceres,
590 1379 654 1446 nisi
675 1380 741 1447 tale
763 1381 885 1466 aliquid
909 1383 1019 1449 Cicero
1041 1384 1111 1466 ipse
1132 1382 1180 1448 in-

159 1484 265 1551 dicare
284 1482 449 1549 voluisset.

220 1587 291 1653 Hoc
318 1585 387 1652 fere
413 1587 509 1653 modo
537 1588 791 1654 commodissime
823 1587 977 1672 explicari
1012 1608 1106 1672 posse
1134 1587 1180 1653 vi·

159 1691 276 1758 dentur
297 1691 355 1756 illa
381 1691 496 1771 rerba,
527 1691 562 1756 in
591 1690 708 1774 quibus
733 1689 845 1757 Cicero
876 1691 954 1756 dicit
986 1711 1022 1756 se
1055 1711 1180 1757 omnem

156 1798 366 1881 antiquorum
396 1799 429 1860 et
450 1794 671 1860 Aristoteliam
697 1795 856 1861 rationem
890 1795 1066 1860 oratoriam
1096 1813 1179 1859 com-

155 1900 286 1986 plexum
309 1919 390 1965 esse.
435 1897 563 1964 Scilicet
584 1899 649 1965 arti
672 1901 834 1966 oratoriae
856 1897 984 1964 eosdem
1006 1919 1087 1982 quos
1109 1901 1181 1965 Ari-

155 2004 292 2070 stoteles
312 2003 394 2069 fines
415 2021 512 2086 quam
532 2003 707 2069 latissimos
730 2003 907 2084 constituit,
930 2004 965 2068 in
987 2023 1052 2087 qua
1065 2023 1102 2068 rc
1124 2002 1180 2068 ad-

155 2106 289 2172 modum
310 2125 404 2188 sane,
435 2112 474 2172 ut
501 2107 653 2189 vidimus,
688 2108 729 2175 ab
752 2109 934 2192 aequalium
959 2129 1091 2174 suorum
1113 2107 1181 2191 opi·

155 2211 253 2277 nione
275 2215 308 2276 et
326 2211 448 2297 judicio
471 2211 692 2278 dissentiebat.
737 2213 1045 2279 Asistoteliumrero
1058 2231 1181 2277 morem

155 2315 194 2380 in
214 2313 376 2380 Ciceronis
399 2315 491 2382 libris
514 2316 554 2380 de
577 2315 715 2382 Oratore
738 2318 794 2400 qui
825 2317 937 2384 eodem
965 2318 1060 2383 modo
1083 2315 1181 2399 expli·

156 2419 227 2483 cari
247 2439 344 2502 posse
366 2425 490 2501 censet,
523 2439 650 2501 vereor,
682 2441 723 2486 ne
744 2423 773 2486 is
795 2421 890 2505 plane
919 2423 953 2487 in
982 2443 1092 2488 errore
1111 2441 1180 2486 ver-

157 2528 257 2588 setur.

223 2625 331 2692 Minus
358 2625 424 2694 iere
453 2649 534 2712 opus
562 2634 612 2694 est
639 2633 678 2693 ut
710 2630 831 2695 mentio
862 2629 920 2694 fiat
949 2633 988 2693 N.
1020 2629 1180 2710 Modoipii,

157 2729 220 2796 viri
240 2729 433 2812 doctissimi,
465 2733 521 2815 qui
541 2731 626 2797 hanc
647 2731 869 2815 quaestionem
891 2717 1179 2796 breviter'tautum

158 2834 270 2918 attigit
282 2833 341 2919 ¹⁷²)
364 2839 462 2918 atque
482 2836 547 2915 ita,
582 2841 619 2900 ut
642 2855 662 2902 a
684 2836 852 2901 sententiis
874 2835 1019 2919 priorum
1042 2836 1111 2919 ejus
1132 2833 1180 2896 in·

158 2943 356 3022 terpretum,
385 2939 533 3022 inprimis
568 2944 749 3020 Goereusii,
778 2939 867 3006 haud
899 2938 1071 3004 recederet.
1134 2936 1182 3002 Ac

158 3063 236 3107 sane
257 3040 370 3106 vellem
390 3041 589 3126 Madvigius,
611 3049 747 3127 quaest
768 3046 884 3110 mentis
907 3045 976 3109 acie
998 3048 1031 3108 et
1051 3042 1181 3125 linguae

158 3145 295 3212 latinae
315 3145 462 3230 inprimis
475 3145 703 3213 Ciceronianae
725 3148 868 3229 scientia,
891 3169 960 3212 rem
980 3147 1086 3230 ipsam
1107 3165 1181 3228 per·

159 3251 343 3334 quisivisset
362 3251 484 3333 potius,
508 3270 606 3334 quam
626 3252 843 3335 acquiesceret
864 3253 897 3316 in
920 3251 1081 3316 sententia
1101 3248 1181 3313 alio·

159 3375 230 3419 rum
268 3353 351 3419 falsa
383 3354 576 3437 praesertim
611 3374 799 3439 eorumque,
838 3375 920 3439 quos
949 3373 1181 3440 usquequaque

160 3457 347 3542 gravissime
368 3456 410 3523 ab
433 3479 471 3523 eo
493 3458 685 3541 reprehendi
707 3464 845 3525 constat.

221 3559 335 3626 Paullo
356 3560 453 3626 aliter
475 3561 515 3627 de
536 3561 598 3627 hac
619 3583 654 3626 re
672 3561 820 3647 judicant
841 3563 896 3647 qui
915 3566 982 3650 jam
1005 3568 1183 3646 sequuntur

158 3663 218 3730 riri
240 3663 336 3746 docti,
360 3685 498 3749 quorum
519 3665 642 3750 primus
666 3669 694 3729 J.
713 3668 748 3732 Α.
769 3667 1087 3752 0.oan11eosde¹⁷⁵)
1109 3666 1181 3730 Ari·

158 3768 321 3836 stotelium
357 3789 480 3835 morem
515 3768 550 3834 in
577 3767 642 3834 illis
677 3768 716 3834 de
749 3769 888 3838 Oratore
915 3769 1008 3837 libris
1038 3789 1111 3834 cum
1139 3767 1181 3834 ad

231 4001 297 4071 ill)
313 4005 339 4056 ln
364 4006 419 4058 edit.
445 4007 554 4056 librorum
581 4008 634 4059 Cic.
660 4009 690 4058 dc
708 4007 830 4070 Finitus,
857 4009 972 4073 Hosnice
1000 4007 1083 4068 1839,
1108 4011 1181 4072 prael.

158 4111 181 4160 p.
200 4095 246 4145 tx.
366 4093 474 4163 17³)1n
494 4095 553 4148 libro
571 4099 611 4162 qui
629 4097 760 4148 inscribitur
779 4097 884 4150 Murcus
906 4097 999 4150 Tullius
1021 4099 1111 4149 (icero
1131 4112 1181 4162 qic-

159 4185 357 4249 lunisiana,
379 4187 489 4252 Traiecti
507 4189 544 4240 od
560 4188 650 4242 amno
698 4189 773 4240 1836.
