2870 5076
10 757 11 836 q
39 777 43 788 .

10 899 12 990 i

525 438 638 502 „9
700 469 765 488 s

75 613 139 678 sotio
159 613 253 701 plena
275 635 313 677 eo
337 611 479 699 perfecta
502 619 567 692 est,
597 609 642 676 ita
668 617 703 676 ut
731 607 825 676 simul
849 607 1014 674 videamus
1037 613 1070 670 et
1091 603 1206 670 videri·

74 747 133 804 nus,
148 725 323 810 cogitemus
340 733 372 788 et
387 719 647 810 cogitaverimus,
662 721 798 790 vivimus
816 730 848 786 et
863 719 1039 786 vixerimus
1051 715 1085 802 ¹).
1109 713 1204 793 Quod
1244 737 1248 744 ·

72 833 137 898 idom
159 832 298 901 cernitur
321 834 352 898 in
377 833 485 900 multis
508 834 604 899 rebus
620 855 702 921 quse
718 833 759 897 ab
780 829 962 896 hominibus
986 825 1204 916 perficiuntur.

72 941 158 1008 Veluti
180 943 318 1010 aedificii
341 967 422 1030 opus
444 955 502 1027 est,
524 954 559 1010 ut
579 967 638 1010 nos
654 951 782 1008 tueatur
797 965 815 1006 a
830 950 1056 1027 tempestatum
1071 933 1206 1015 iniuriis,

10 1097 11 1114 r
71 1051 182 1136 figuram
213 1053 443 1140 geometricam
471 1054 697 1135 describimus,
726 1061 762 1118 ut
790 1051 1015 1137 cogitationem
1044 1046 1206 1135 quandam

10 1245 11 1248 ρ
70 1163 143 1248 qnasi
164 1164 324 1252 exprimat
345 1175 379 1230 et
401 1174 638 1254 repraesentet,
667 1162 723 1250 qui
750 1163 831 1228 fines
859 1160 1014 1250 propositi
1041 1181 1105 1224 una
1133 1180 1205 1222 oum

71 1271 147 1338 rebus
175 1273 253 1360 ipsis
285 1283 319 1340 et
345 1296 540 1363 unoquoque
569 1274 723 1360 temporis
757 1283 934 1354 momento,
970 1267 1120 1357 quamdiu
1155 1287 1206 1331 res

10 1391 11 1398 ’
71 1381 160 1466 durat,
187 1385 315 1452 adsunt.
360 1385 518 1464 Quemvis
541 1384 627 1450 onim
649 1383 766 1449 talibus
789 1383 899 1466 rebus,
923 1391 1036 1470 utpote
1058 1375 1206 1457 immotis,

70 1495 192 1560 notiones
220 1493 362 1564 tribuere
391 1519 455 1562 non
486 1495 675 1578 conveniat,
709 1504 817 1560 tamen
851 1516 889 1558 ea
922 1515 1005 1580 qnae
1038 1496 1207 1577 praestant

70 1605 248 1670 naturalibus
270 1605 332 1672 illis
355 1607 506 1693 operibus
528 1607 622 1673 modo
644 1603 770 1672 anobis
795 1603 1053 1671 commemoratis
1075 1621 1206 1688 prorsus

70 1715 245 1800 respondere
267 1727 411 1804 apparet.

137 1826 282 1895 Alterum
306 1838 413 1895 autem
436 1849 538 1916 genus
562 1837 620 1910 est,
645 1826 700 1892 nbi
715 1826 746 1891 id
765 1825 850 1914 quod
871 1825 1008 1892 efficitur
1023 1823 1064 1888 ab
1080 1822 1207 1886 actione

69 1945 106 1999 su
129 1935 301 2021 diversum,
334 1938 433 2005 veluti
460 1938 493 2003 id
520 1938 605 2026 qnod
632 1946 823 2025 procreatur
852 1947 884 2002 et
910 1935 1109 2024 procreatio,
1143 1932 1206 1998 eibi

10 2111 11 2116 ,
69 2047 233 2115 comminuti
257 2055 290 2114 et
311 2047 454 2115 dentium
484 2072 609 2115 morsus
635 2048 723 2117 inter
749 2070 784 2112 se
812 2047 974 2114 differunt.
1019 2043 1206 2114 Cuiusmodi

10 2159 11 2192 ³
69 2176 150 2240 opera
170 2180 241 2222 esse
259 2158 354 2226 etiam
370 2181 479 2226 rernm
501 2160 542 2225 ab
557 2158 738 2224 hominibus
759 2161 947 2225 effectarum
962 2168 999 2224 ut
1014 2158 1208 2223 demonstre-

10 2339 11 2354 ρ
69 2289 134 2351 uus,
154 2268 192 2334 ad
216 2261 429 2336 instrumente
451 2271 579 2358 aliaque
593 2269 627 2335 id
643 2271 772 2357 generis
795 2293 972 2357 provocare
994 2267 1206 2333 videturesse

68 2377 148 2443 utis¹
161 2428 169 2443 .

136 2387 182 2558 Iit
204 2501 312 2560 antem
333 2513 386 2556 res
408 2513 490 2579 opus
511 2515 604 2558 snum
628 2495 763 2580 exsequi
785 2492 902 2580 possit,
930 2490 1106 2556 secundum
1128 2486 1205 2552 illud

10 2607 11 2624 ¹
69 2595 154 2682 ipsum
182 2603 370 2668 conficiatur
397 2625 527 2690 prorsus
558 2614 607 2670 est
636 2626 780 2670 necesse.
825 2603 900 2668 Non
929 2602 1013 2666 enim
1042 2620 1134 2664 usum
1165 2595 1206 2661 ad

10 2785 11 2790 ἵ
68 2707 294 2780 instrumentum
318 2714 483 2782 instituere
506 2715 593 2798 licet,
616 2714 673 2782 sed
693 2714 941 2780 instrumentum
963 2711 1004 2776 ad
1026 2733 1130 2789 usum,
1153 2729 1207 2774 ne·

69 2839 119 2902 que
138 2823 234 2888 sectio
256 2847 365 2890 serrae
389 2849 486 2892 oense
501 2827 588 2892 faeta
602 2836 660 2907 est,
684 2825 740 2890 sed
756 2821 935 2890 dissecandi
951 2821 1057 2908 gratia
1071 2819 1205 2902 serra³).

67 2925 155 3004 Quam
182 2934 223 2999 ob
250 2958 382 3002 oensem
410 2958 536 3020 serrae,
574 2947 610 3002 ut
642 2934 769 3002 scindat
793 2934 897 3022 ligna,
926 2933 1080 2999 laminam
1110 2929 1208 2996 effici·

10 3035 11 3100 ζ
68 3059 124 3104 uns
143 3052 270 3110 tenuem
293 3057 325 3111 et
346 3069 513 3134 proceram
540 3046 755 3133 dentibusque
777 3065 848 3110 eam
877 3044 1078 3125 instruimus3
1108 3050 1205 3126 etque

68 3145 195 3218 similiter
216 3155 356 3236 domum,
380 3169 414 3221 nt
436 3180 455 3221 ε
477 3155 724 3243 tempestatibus
746 3177 805 3220 nos
828 3154 989 3235 defendat,
1016 3152 1116 3218 muris
1139 3173 1206 3216 sae·

68 3257 154 3340 pimus
175 3265 433 3354 imponimusque
455 3277 586 3334 tectum.
631 3266 746 3354 Neque
769 3266 860 3332 aliter
876 3273 1028 3351 operatur
1043 3263 1205 3344 natura⁴).

68 3423 200 3440 Ἢ--η-
204 3433 247 3440 —-

128 3523 143 3584 ¹)
161 3523 199 3574 ns
217 3540 287 3575 sem.
307 3529 330 3576 a.
350 3527 467 3578 raons.
505 3527 585 3594 soph.
605 3527 638 3579 el.
658 3533 690 3578 νε
721 3530 770 3578 rvs
785 3543 801 3576 a
814 3531 837 3580 a.
868 3525 930 3576 nst.
954 3527 985 3589 s,
1006 3531 1029 3576 n.
1053 3499 1117 3576 uias
1131 3524 1148 3574 b
1161 3523 1204 3576 νο.

128 3610 145 3669 ¹)
162 3611 242 3679 Saepe
260 3613 366 3680 quidem
384 3615 540 3667 Aristoteles
559 3617 701 3682 distinguit
724 3616 792 3665 inter
809 3621 950 3681 utrumqne
968 3615 1104 3667 notionum
1121 3629 1205 3680 genus

65 3701 130 3760 itque
146 3709 222 3752 voest
240 3701 335 3752 altores
354 3699 500 3770 ἐνεργείας,
519 3699 636 3768 κινήσεις
654 3703 757 3754 altores.
788 3704 850 3754 Met.
872 3705 904 3768 Θ,
924 3707 948 3757 6.
969 3705 1038 3756 1048
1050 3702 1068 3754 b
1082 3705 1127 3754 ts:
1146 3696 1205 3752 τοὺ-

65 3797 109 3834 ῐνν
125 3783 157 3852 δὴ
174 3785 221 3846 τὰς
237 3789 291 3858 μὲν
308 3784 427 3856 κινήσεις
444 3792 545 3858 λέγειν,
562 3787 610 3847 τὰς
628 3785 652 3840 δ’
673 3789 820 3858 ἐνεργείας.
845 3792 997 3844 1048bst.
1034 3791 1133 3840 Tamen
1152 3804 1204 3840 non

10 3887 11 3938 i

10 3989 12 4038 t

10 4039 11 4074 ι

65 3873 118 3924 uus
135 3876 185 3927 sibi
203 3885 307 3928 constat
325 3879 353 3928 in
371 3877 422 3929 hoo
439 3877 544 3930 dicendi
562 3885 665 3946 genera,
685 3878 717 3932 ot.
737 3880 797 3930 Eth.
816 3879 875 3930 Nic.
893 3879 914 3942 1,
935 3883 957 3930 1.
981 3882 1047 3930 1094
1059 3893 1076 3928 a
1089 3881 1117 3930 t:
1143 3875 1204 3928 διο-

64 3959 127 4024 ἐνρὰ
146 3961 178 4016 tt
192 3981 231 4022 τις
249 3968 378 4034 φαίνεται
397 3965 451 4018 τῶν
468 3966 562 4018 τελῶν·
587 3963 619 4018 τὰ
637 3963 692 4035 μέν
709 3961 765 4033 γάρ
784 3967 854 4019 εἰσιν
874 3963 1017 4034 ἐνέργειαι,
1036 3961 1068 4015 ιὰ
1088 3961 1119 4016 δέ
1137 3959 1202 4030 παρ’

10 4097 11 4106 ,
64 4041 135 4106 “itit
152 4050 217 4120 ἐργα
236 4049 304 4106 τινά.
323 4039 404 4104 ὧνιΓ
427 4055 481 4106 εἰσὶ
498 4055 559 4120 τέλη
577 4050 638 4106 τινα
657 4051 732 4122 παρὰ
759 4051 806 4110 τὰς
831 4049 951 4122 πράξεις,
977 4050 1006 4104 ἐν
1024 4045 1130 4108 τούτοις
1146 4053 1204 4117 ptri·

64 4135 102 4184 tiu
119 4139 221 4205 πέφυκε
239 4142 294 4194 τῶν
312 4139 457 4210 ἐνεργειῶν
469 4140 502 4194 ui
515 4141 591 4210 ἔργα.
616 4143 703 4207 Atque
716 4145 796 4193 estam
807 4139 856 4206 τὴν
869 4139 1009 4210 ἐνέργειαν
1021 4147 1099 4192 voest
1112 4137 1205 4206 ἔργον,

63 4223 90 4272 (ἐ.
107 4224 164 4276 Μαι
184 4228 216 4293 Θ,
235 4231 260 4280 8.
280 4231 349 4280 1050
361 4245 378 4280 a
390 4234 436 4282 21:
456 4227 486 4281 vri
505 4227 559 4296 γὰρ
578 4227 662 4296 ἔργον
679 4232 764 4296 τέλος,
784 4225 798 4295 ’i
818 4228 848 4282 ou
867 4227 990 4298 ἐνέργεια
1007 4225 1038 4280 τὸ
1058 4226 1150 4296 ἔργον.

126 4311 281 4384 ”sDvpsrt
301 4333 344 4370 an.
363 4318 385 4379 1,
404 4319 429 4368 6.
449 4319 587 4372 orsbrr.

10 4423 11 4426 ¹
124 4401 142 4426 ⁴⁸
161 4403 199 4456 tta
217 4409 281 4472 part.
301 4421 343 4458 su.
363 4404 407 4470 IV,
429 4411 469 4462 ιε.
488 4408 568 4460 soto
583 4409 628 4458 18:
648 4401 680 4458 ια
700 4401 724 4456 δ’
742 4397 850 4474 ὄργανα
864 4399 933 4474 πρὸς
945 4399 976 4456 τὸ
994 4401 1077 4476 ἔργον
1091 4399 1105 4468 ἡ
1121 4397 1205 4474 φύσει

64 4491 135 4556 sous,
152 4487 206 4544 ἀλλ’
228 4487 260 4546 οὐ
277 4489 307 4546 τό
327 4491 411 4560 ἐργον
430 4488 498 4564 πρὸς
516 4489 548 4545 ιὰ
567 4483 681 4563 ὄργανα.
