2950 5076
703 439 745 508 13

156 631 286 712 pedestri
321 634 474 713 usurpari,
511 632 563 694 sed
596 655 634 694 ne
668 634 706 694 de
740 634 879 714 prosariis
909 633 1029 713 quidem
1052 631 1187 692 omnibus
1206 631 1287 694 idem
1319 669 1322 680 ·
1396 647 1402 660 '

155 735 268 806 valere,
291 755 357 796 cum
377 736 428 796 alii
450 738 570 817 saepius
596 737 767 810 adhibeant,
803 745 836 796 ut
858 735 1061 815 Thucydides,
1096 735 1148 794 alii
1170 753 1236 794 raro
1255 741 1289 792 nt

155 835 244 896 Picto
275 847 306 898 et
338 847 478 912 oratores,
502 833 561 900 cf.
596 839 763 902 Bitumlein.
802 832 995 900 Griechische
1029 837 1186 898 Partikelu
1217 856 1287 916 pag.

155 938 338 1002 215-217.
383 939 474 1020 Apud
507 936 699 1002 Aristotelem
721 936 769 1012 τέ,
802 941 953 1018 cujusvis
986 941 1090 1000 eadem
1122 947 1168 1002 eet
1199 943 1289 1017 atque

156 1041 238 1122 apud
259 1051 375 1104 ceteros
397 1045 555 1122 scriptores
567 1038 613 1122 ⁹¹⁸),
646 1044 756 1104 nonin
780 1043 915 1117 omnibus
943 1044 1060 1124 scriptis
1083 1043 1148 1124 peri
1168 1059 1289 1099 numero
1357 1099 1359 1106 ,

156 1143 323 1218 adhibetur,
358 1143 411 1204 sed
443 1143 522 1204 duae
544 1143 773 1222 distinguendae
805 1153 873 1206 sunt
895 1143 1014 1218 classes,
1048 1164 1173 1224 querum
1195 1142 1290 1202 altera

157 1247 286 1308 efficitur
299 1247 523 1326 Metephysicis,
545 1247 685 1319 Politicis,
708 1248 825 1308 Ethieis
849 1247 937 1321 (libro
958 1245 995 1306 de
1009 1246 1119 1308 mundo
1142 1254 1172 1306 et
1196 1245 1288 1304 altero

156 1347 422 1410 Oeconomicornm
444 1348 547 1422 libro),
570 1350 664 1409 altere
684 1349 832 1428 Physicis,
847 1349 929 1409 libris
944 1347 981 1408 de
1003 1349 1111 1422 anima,
1122 1345 1304 1408 Rhetoricis

157 1447 255 1531 (libris
277 1451 568 1531 pseudoaristoteleis
591 1460 798 1531 praeterens,
831 1470 906 1530 quos
930 1449 1016 1510 modo
1038 1442 1289 1529 commemoravi),

155 1551 270 1634 inillis
294 1554 421 1634 saepius,
442 1555 471 1613 iu
492 1554 539 1614 his
561 1553 655 1614 rerius
677 1548 714 1610 τέ
734 1555 765 1612 in
786 1573 873 1614 usum
896 1554 992 1628 veuit3
1020 1553 1206 1614 Poeticorum
1228 1571 1289 1611 em·

157 1655 237 1714 bitus
273 1657 368 1714 minor
404 1666 450 1715 est
485 1675 575 1736 quem
602 1665 642 1732 ,ut
675 1655 714 1716 ed
736 1665 834 1716 utrum
862 1675 956 1732 genus
980 1657 1148 1736 pertineant
1167 1653 1290 1714 delinire
1377 1647 1381 1654 ’

161 1757 298 1820 audeam.
324 1755 394 1836 (huc
412 1779 470 1818 non
489 1759 602 1819 ascribo
626 1779 678 1818 eos
703 1759 792 1830 locos,
817 1757 867 1817 ubi
890 1753 927 1815 τὲ
948 1750 1021 1838 γάρ,
1044 1753 1080 1815 τὲ
1094 1751 1142 1826 δή,
1171 1751 1213 1822 ,τὲ
1234 1748 1291 1812 οὖν
1356 1785 1370 1846 ,ι

157 1859 307 1920 invenitur
339 1879 368 1920 v.
392 1879 469 1939 quae
491 1861 568 1920 iufra
594 1860 632 1920 de
655 1881 692 1919 ea
720 1881 752 1920 re
774 1860 882 1920 dicum.
926 1862 962 1920 In
995 1861 1131 1922 Politicis
1162 1853 1198 1916 τέ
1228 1858 1292 1916 fere

157 1963 315 2040 quinquies
338 1970 368 2020 et
389 1963 480 2023 vicies
493 1959 541 2041 *²¹²1
564 1963 723 2034 invenitur,
755 1964 786 2022 iu
808 1961 1025 2044 Metephysicis
1042 1962 1143 2042 peullo
1162 1961 1291 2038 saepius,

158 2065 289 2123 omnium
326 2064 500 2142 saepissime
531 2066 563 2123 in
585 2065 709 2126 Ethicis.
754 2065 868 2142 Contra
906 2074 1012 2146 quater
1048 2067 1078 2124 in
1115 2063 1289 2135 Rhetoricis,

157 2165 252 2225 octies
272 2165 303 2224 in
325 2165 473 2245 Physicis.
568 2165 573 2172 '

244 2267 345 2328 Utitur
366 2276 464 2328 eutem
477 2267 654 2328 Aristoteles
668 2269 814 2348 particule
829 2264 865 2326 τέ
886 2271 925 2329 iis
939 2271 1067 2330 maxime
1081 2247 1154 2328 locis
1175 2266 1224 2326 ubi
1238 2269 1291 2342 rei,

157 2389 248 2448 quam
270 2369 362 2429 oculis
384 2371 491 2430 uostris
513 2371 660 2448 subjicere
683 2372 760 2444 vult,
792 2372 953 2450 imaginem
971 2380 1108 2448 accurate
1128 2380 1158 2430 et
1179 2370 1292 2449 perspi·

159 2491 215 2530 cuc
237 2471 381 2551 depingit.
426 2467 517 2548 Quod
539 2494 603 2532 cum
638 2483 794 2551 poetarum
816 2475 948 2534 maxime
980 2475 1131 2554 proprium
1164 2491 1230 2532 esee
1251 2473 1294 2531 vi·

159 2571 273 2647 deutur,
308 2575 386 2634 inter
410 2593 514 2634 censes
535 2576 629 2634 fuisse
651 2584 759 2654 potest,
783 2595 835 2634 cur
858 2576 978 2636 abillis
1003 2571 1039 2632 τέ
1061 2576 1153 2635 multo
1175 2575 1293 2653 saepius

161 2673 360 2738 adhiberetur.
405 2676 446 2737 Ut
469 2697 507 2736 ex
529 2677 692 2736 Aristotele
725 2675 864 2756 exempla
887 2679 1009 2738 afferam
1033 2700 1062 2740 v.
1086 2677 1176 2738 Polit.
1200 2675 1293 2738 1314.

161 2776 190 2838 b.
216 2774 394 2840 14-1315.
418 2797 445 2840 a.
468 2777 498 2852 4,
531 2778 582 2837 ubi
617 2780 753 2856 singulae
790 2787 900 2860 partes,
937 2781 1044 2860 quibus
1078 2781 1206 2858 tyranni,
1242 2781 1293 2858 qui
1379 2769 1382 2774 ¹

161 2879 314 2957 imperium
348 2877 433 2938 bonis
466 2880 578 2940 artibus
609 2882 738 2940 ‘retinere
773 2879 908 2956 studeat,
945 2883 1045 2958 imago
1077 2882 1212 2954 efficitur,
1248 2881 1295 2940 his

161 2981 259 3040 verbis
303 2979 518 3058 adjunguntur:
562 2981 653 3044 1314.
687 2985 716 3046 b.
754 2983 794 3046 14
825 2983 949 3057 ἔπειτα,
995 2983 1035 3046 16
1067 2971 1145 3052 ὅλως
1172 3001 1219 3058 τε,
1255 2981 1294 3044 18

160 3077 220 3154 καί,
253 3080 292 3142 19
314 3083 362 3139 ἔτι
383 3078 426 3154 δέ,
457 3081 498 3145 23
518 3084 565 3140 tec
588 3077 631 3154 δέ,
659 3083 703 3150 25
737 3080 848 3165 ὁμοίως
871 3082 905 3143 di
924 3082 988 3156 καί,
1015 3083 1055 3146 28
1085 3079 1132 3154 τέ,
1170 3074 1212 3146 36
1245 3079 1294 3160 τέ,
1339 3069 1346 3080 ’

161 3181 202 3244 38
225 3184 273 3239 ἔτι
295 3177 336 3240 δέ.
364 3183 455 3248 1315.
480 3183 553 3246 a.4
585 3179 631 3246 τέ.
663 3187 702 3249 V.
725 3188 814 3247 etiem
836 3187 937 3250 Ethic.
963 3185 1056 3250 1177.
1079 3207 1106 3244 a.
1130 3185 1181 3260 27,
1217 3185 1246 3244 b.
1266 3185 1293 3246 1.

162 3367 365 3380 ——u-

227 3470 251 3535 ²)
269 3475 362 3520 contra
386 3469 461 3520 Zollii
489 3471 645 3522 sententiam
664 3473 707 3536 (ed
726 3473 812 3523 Ethic.
840 3472 889 3523 III.
918 3477 960 3523 12.
981 3475 1008 3538 3)
1038 3474 1070 3524 τέ
1096 3469 1166 3540 apud
1194 3469 1297 3520 Aristo·

127 3565 131 3574 '
157 3557 238 3606 telem
267 3555 401 3606 nonnullis
423 3557 488 3606 locis
514 3555 603 3606 eadem
628 3557 826 3622 significatione
852 3559 890 3608 nti
918 3563 997 3624 atque
1015 3553 1053 3618 δέ,
1075 3557 1140 3608 satis
1158 3555 1243 3607 haheo
1264 3557 1295 3606 G.

160 3641 305 3691 llermeuni
324 3639 406 3691 verba
426 3641 553 3702 attulisse,
573 3642 607 3692 ct'.
626 3641 658 3692 de
673 3645 821 3710 praeceptis
839 3643 995 3708 quibusdum
1008 3643 1191 3694 Atticistarnm
1202 3641 1297 3692 disser-

158 3731 204 3776 tat.
224 3741 314 3794 opusc.
333 3727 437 3780 1.269:
462 3727 645 3794 „Quamquam
664 3745 809 3781 veronens
829 3729 856 3778 in
875 3730 999 3782 omnibus
1016 3730 1117 3794 linguis
1134 3731 1200 3780 sutis
1217 3728 1297 3778 liceu-

158 3817 199 3863 ter
220 3812 352 3862 dominari
373 3813 449 3874 solet,
476 3827 528 3862 non
547 3820 586 3864 est
608 3819 705 3876 tamem
734 3816 804 3879 quod
823 3816 967 3880 quidquam
989 3819 1018 3866 in
1048 3816 1099 3866 hoo
1127 3818 1296 3879 generatam

158 3901 257 3956 temere
279 3898 336 3948 lieri
357 3899 546 3962 existimemus,
564 3903 664 3951 utnon
684 3899 716 3951 ad
735 3917 841 3954 sensum
860 3901 963 3966 aliquid
982 3901 1098 3966 intersit,
1117 3901 1156 3951 sic
1174 3913 1207 3950 an
1220 3898 1298 3950 aliter

158 3983 292 4048 loquare!
636 4041 640 4050 .

216 4069 255 4134 ’ἣ
273 4067 318 4118 sed
335 4067 404 4120 haud
423 4072 514 4134 paucis
531 4070 597 4124 locis
617 4069 738 4124 homiues
763 4073 834 4126 docti
853 4091 904 4125 non
924 4072 983 4126 aine
1001 4087 1082 4125 ceusu
1100 4071 1297 4139 dubitaverunt,

158 4159 244 4206 utrum
275 4156 307 4206 τέ
335 4155 443 4205 retineri
471 4155 554 4222 possit
572 4171 605 4206 an
625 4152 655 4209 tt
678 4159 846 4210 scribendum
874 4163 918 4212 sit.
954 4159 1021 4211 Vide
1045 4161 1133 4213 Stahr.
1164 4161 1196 4212 ad
1218 4163 1298 4214 Polit.

160 4239 280 4292 tathb.
302 4243 341 4302 ru,
361 4241 545 4306 12931123,
571 4243 648 4298 1316.
671 4245 695 4294 b.
718 4247 757 4306 m,
789 4248 861 4298 1323.
882 4248 909 4300 b.
930 4249 969 4312 13,
998 4249 1073 4300 1332.
1092 4263 1116 4298 a.
1137 4251 1181 4309 42,
1210 4247 1235 4298 b.
1255 4251 1298 4314 30,

118 4384 122 4394 ,
158 4327 478 4390 1333.ι.24,1333.1).
500 4330 538 4380 16.
993 4339 997 4350 ·
