2870 5076
714 417 920 482 -35..

239 607 310 650 esse
335 579 524 653 Aristoteles
547 586 701 652 statuerit.
741 585 838 652 Oerte
853 587 944 654 Plato
963 589 1130 658 materiam
1155 588 1375 675 intellegibilem
1422 677 1423 682 ἵ

233 683 340 760 vmenti
373 691 502 760 divinae
534 717 599 759 non
633 695 806 777 subtraxit,
838 721 909 762 eum
945 697 1041 783 ideis,
1075 721 1154 786 quas
1182 723 1241 764 noe
1269 699 1376 785 quidem

241 804 450 890 cogitationes
475 805 598 872 divinas
623 827 692 872 esse
715 805 808 871 nobis
830 807 1056 893 persuasimus,
1080 808 1234 876 indiderit
1247 831 1377 896 maguum

242 923 274 980 et
296 937 441 998 parvum,
462 914 502 981 τὸ
523 913 610 1000 μέγα
632 912 689 979 καὶ
708 912 748 980 ad
769 911 896 1002 μικρόν.
996 909 999 920 '

242 1095 244 1100 ,
327 1023 400 1088 Hae
422 1026 490 1090 fere
514 1034 587 1090 sunt
610 1023 815 1090 difficultates
845 1049 928 1114 quae
955 1027 1029 1093 inde
1051 1030 1198 1094 oriuntur
1222 1027 1304 1115 quod
1323 1027 1377 1094 Ari·

242 1133 385 1215 stoteles‚
410 1157 492 1222 quae
515 1136 595 1199 ratio
618 1134 794 1200 intellectui
817 1159 888 1202 cum
913 1139 1046 1203 materia
1071 1148 1170 1220 esset,
1193 1139 1280 1204 nullo
1300 1137 1377 1204 modo

242 1245 399 1330 exposuit.
435 1244 528 1308 Aliae
551 1253 656 1310 autem
680 1243 755 1310 inde
777 1256 952 1311 naseuntur
969 1247 1054 1334 quod
1070 1248 1279 1336 philosophus
1300 1249 1378 1313 deum

242 1373 368 1439 semper
394 1352 479 1418 idem
510 1353 704 1440 cogitantem
727 1377 962 1444 ntec‘umquem
990 1367 1166 1424 mutantem
1196 1359 1378 1445 cogitationis

242 1461 412 1526 obiecturu'
429 1463 516 1540 facit.
562 1463 709 1532 Vidimus
738 1488 836 1552 supra
867 1466 1094 1552 cogitationem
1126 1476 1159 1533 et
1187 1477 1290 1535 ortum
1309 1468 1379 1532 inter

243 1593 277 1634 se
301 1572 449 1658 opposita
473 1574 620 1655 asscita,
644 1583 679 1640 ut
694 1575 781 1661 quod
798 1575 1002 1661 cogitationis
1022 1577 1160 1664 primum
1176 1579 1227 1660 sit,
1251 1577 1378 1644 ultimum

242 1679 282 1744 sit
304 1691 403 1746 ortus.
449 1683 563 1769 Itaque
592 1693 696 1750 motus
724 1685 850 1771 operari
880 1707 1008 1770 semper
1037 1686 1150 1772 incipit
1177 1687 1218 1752 ab
1247 1710 1283 1752 eo
1310 1684 1379 1774 quod

218 1873 221 1880 ,
242 1789 443 1875 cogitationis
472 1804 521 1866 est
549 1791 706 1860 ultimum.
730 1859 731 1864 ,
753 1793 821 1860 Sed
848 1795 874 1860 si
902 1795 981 1861 deus
1011 1818 1138 1883 semper
1159 1796 1245 1863 idem
1268 1794 1379 1881 cogitet,

242 1891 401 1985 quomodo
429 1901 480 1966 hic
511 1903 713 1989 cogitationis
743 1926 910 1992 regressus
941 1915 973 1970 et
1002 1928 1193 1993 progressus
1222 1902 1380 1971 effectionis

240 2008 345 2076 locum
373 2011 495 2078 habere
521 2013 652 2100 potest?
686 2012 746 2080 Oui
778 2013 970 2081 dubitationi
992 2015 1103 2080 similis
1126 2025 1175 2082 est
1197 2016 1268 2082 alia.
1312 2014 1379 2080 Cum

242 2118 320 2184 dens
342 2143 469 2207 semper
491 2129 590 2187 unum
613 2122 748 2210 cogitet,
771 2146 812 2188 ne
835 2147 1025 2212 progressus
1048 2125 1177 2212 quidem
1202 2124 1318 2212 ingenii
1338 2123 1381 2188 bn·

241 2231 327 2294 mani
355 2229 487 2317 eiusque
517 2231 622 2298 cultus
652 2232 794 2318 cogitare
824 2243 931 2318 potest
961 2245 994 2298 et
1023 2233 1292 2317 animadvertere,
1320 2254 1381 2320 quo·

243 2341 328 2406 circa
351 2340 447 2408 etiam
464 2341 648 2428 seponenda
665 2351 714 2406 est
728 2342 908 2424 sententias
923 2366 1018 2430 quam
1042 2369 1100 2424 nos
1120 2345 1249 2432 quidem
1274 2342 1380 2410 adama-

243 2449 359 2516 vimus:
394 2451 441 2514 ite
475 2450 627 2516 divinitus
664 2473 733 2516 esse
761 2451 959 2534 institutum,
993 2463 1029 2519 ut
1057 2455 1204 2520 homines
1231 2452 1379 2543 paullatim

244 2560 494 2648 procedentibus
532 2560 731 2648 temporibus
771 2562 902 2649 propius
939 2563 1135 2650 propiusque
1169 2565 1322 2632 accedent
1349 2558 1379 2626 ad

243 2671 339 2738 {inem
364 2693 383 2736 a
405 2669 464 2735 deo
493 2672 691 2757 propositum
723 2681 821 2759 atque
847 2695 959 2740 veram
988 2681 1136 2738 naturam
1166 2675 1331 2743 humanam
1356 2677 1380 2734 et

243 2779 275 2846 in
298 2779 365 2872 vita
386 2783 512 2868 privata
535 2791 567 2845 et
588 2781 621 2846 iu
645 2780 782 2847 civitatis
805 2783 958 2850 societate
980 2791 1077 2871 atque
1100 2782 1180 2850 adeo
1203 2785 1236 2848 in
1254 2785 1380 2850 amnium

243 2889 407 2958 hominum
431 2891 655 2956 communione
685 2889 787 2976 magis
815 2892 984 2981 magisque
1009 2893 1193 2979 exprimant
1215 2917 1252 2960 ao
1274 2911 1381 2980 reprae-

244 3009 381 3068 sentent.
425 3001 541 3087 Neque
569 2999 676 3066 dioere
703 3001 778 3066 licet
806 3002 998 3068 sententiam
1026 3002 1181 3088 eiusmodi
1210 3003 1250 3068 ab
1277 3000 1381 3068 Aristo-

244 3111 307 3176 tele
330 3132 400 3179 esse
423 3111 576 3192 alienam,
605 3110 702 3178 immo
733 3111 810 3178 satis
839 3112 980 3178 cernitur
1006 3111 1039 3176 in
1067 3133 1104 3177 ec
1129 3113 1215 3199 quod
1239 3110 1380 3186 bominem

246 3221 323 3290 dicit
345 3243 415 3286 esse
437 3220 556 3288 animal
579 3220 743 3309 politicum
772 3234 868 3310 atque
897 3223 1059 3288 civitatem
1087 3221 1163 3288 oriri
1193 3223 1381 3312 quidemst

245 3331 389 3398 homines
413 3331 522 3398 vivere
544 3331 679 3420 possint,
699 3343 847 3400 constare
870 3343 986 3418 autem,
1014 3342 1050 3398 ut
1071 3333 1138 3398 vite
1160 3343 1290 3400 utantur
1311 3332 1381 3396 boue

245 3452 341 3527 atque
371 3443 560 3528 perfecte¹).
607 3442 730 3508 Tamen
763 3453 899 3531 utraque
933 3442 1089 3511 dubitatio
1116 3443 1309 3510 removenda
1334 3445 1381 3518 est,

245 3573 318 3616 cum
345 3559 526 3638 temporum
556 3575 666 3618 cursus
696 3575 815 3620 numen
845 3551 987 3620 divinum
1010 3576 1140 3642 prorsus
1164 3578 1228 3620 non
1251 3551 1380 3636 attingat,

245 3659 290 3732 ita
313 3669 348 3724 ut
369 3660 470 3727 omnis
495 3662 622 3726 omnino
647 3662 779 3726 mutatio
808 3662 848 3728 ab
876 3685 914 3728 eo
938 3663 1021 3728 absit
1042 3686 1149 3752 neque
1171 3664 1201 3730 ei
1224 3664 1286 3730 sint
1306 3677 1381 3747 prae·

245 3770 341 3835 terita
363 3780 418 3835 eut
440 3771 557 3852 futura,
581 3769 637 3835 sed
661 3771 845 3857 praesentia
866 3772 1018 3859 omuia²).

318 4014 337 4080 ¹)
355 4014 426 4065 Polit
454 4015 481 4077 1,
502 4019 526 4065 2.
548 4014 704 4066 latebas:
731 4011 831 4082 (πόλις)
855 4016 990 4088 γινομένη
1012 4016 1066 4090 μὲν
1090 4010 1208 4072 οὖντοῦ
1227 4018 1274 4090 ζῇν
1295 4014 1380 4070 ἕνεκεν,
1422 4031 1423 4084 3

245 4094 315 4159 οὖσα
334 4099 365 4153 dl
383 4101 432 4153 τοῦ
444 4093 474 4154 εὖ
489 4102 544 4174 ζῇν.
1422 4093 1423 4114 ’

318 4189 336 4254 ¹)
355 4191 396 4244 De
414 4191 486 4242 eaelo
505 4191 526 4254 1,
546 4193 571 4241 9.
592 4193 670 4243 atta
686 4194 729 4242 tl:
751 4187 810 4260 ἅμα
829 4190 865 4244 dl
884 4191 968 4258 δῆλον
986 4188 1027 4246 ὅτι
1046 4191 1111 4247 οὐδὲ
1129 4189 1214 4253 τόπος
1233 4189 1297 4246 οὐδὲ
1313 4177 1380 4240 sevit

244 4273 308 4330 οὐδὲ
323 4273 426 4345 χρόνος
444 4276 517 4331 ἐστὶν
536 4277 587 4336 ἔξω
605 4278 654 4329 τοῦ
673 4273 802 4348 οὐρανοῦ·
822 4277 852 4333 ἔν
870 4275 972 4334 ἅπαντι
984 4279 1038 4352 γὰρ
1050 4277 1126 4350 τόπῳ
1138 4279 1259 4336 δυνατὸν
1277 4271 1379 4339 sindolt²¹

245 4365 337 4434 σῶμα·
363 4365 443 4421 κενὸν
463 4362 490 4418 δ’
511 4364 688 4434 εἶναίφασιν
712 4365 742 4420 ἐν
761 4354 782 4435 ᾧ
799 4365 838 4438 μὴ
861 4365 1010 4440 ἐνυπάρχει
1034 4371 1129 4440 σῶμα,
1153 4367 1273 4426 δυνατὸν
1289 4361 1315 4417 δ’
1334 4354 1380 4413 3⁰¹²

243 4453 381 4520 γενέσθαι·
397 4448 500 4522 χρόνος
519 4450 548 4506 δ’
570 4451 689 4524 ἀριθμὸς
707 4450 845 4524 κινήσεως·
876 4459 980 4524 κίνησις
999 4453 1025 4508 d’
1046 4449 1112 4513 tinec
1131 4458 1254 4530 φυσικοῦ
1272 4450 1380 4523 aspera
