2950 5076
568 410 797 474 -il'i-

107 579 182 646 satis
204 591 341 669 apperet
362 578 424 648 dici
447 581 528 646 haec
551 578 591 644 de
606 575 772 644 indiuiduo
788 574 985 662 quantitatis.
1020 573 1087 642 Sed
1106 575 1169 642 iaus
1185 574 1206 638 b
1223 577 1262 642 14

106 690 297 758 Aristoteles
326 689 497 756 transierat
524 688 564 755 ad
593 687 731 754 notionis
753 687 953 754 individuum
977 684 1259 752 considerandum:

104 800 141 866 τό
176 801 215 868 δι’
243 799 290 888 μή
323 800 409 866 κατὰ
442 797 551 867 ποσόν
587 793 779 880 ἀδιαίρετον
814 792 901 866 ἀλλὰ
932 799 979 885 uqi
1014 792 1101 863 εἴδει
1130 796 1260 864 rosiris

105 905 287 999 ἀδιαιρέτῳ
307 907 413 998 χρόνῳ
435 911 491 977 καὶ
512 905 695 996 ἀδιαιρέτῳ
717 911 776 997 τῆς
797 912 915 998 ψυχῆς.
950 909 1067 996 Neque
1082 931 1140 974 eur
1161 909 1261 996 pbilo-

104 1022 222 1110 sophne
248 1021 366 1088 iustum
396 1021 620 1107 disputationis
650 1021 795 1087 ordinem
818 1019 995 1086 deseruerit
1019 1041 1116 1084 causa
1138 1018 1261 1086 intelie-

104 1131 200 1214 gitur.
245 1132 361 1220 Itaque
394 1131 445 1196 his
473 1133 535 1197 hec
563 1132 635 1198 loce
662 1130 860 1220 interpositis
887 1129 1118 1196 sententiarum
1146 1129 1260 1195 cohae-

105 1243 208 1308 rentia
235 1241 456 1330 perturbatur.
502 1239 569 1310 seu
601 1242 840 1308 cousideremns
875 1241 981 1306 locum
1011 1239 1193 1305 accuratius
1222 1263 1260 1306 ac

104 1350 239 1438 primurn
263 1351 393 1440 quidem
416 1353 535 1418 nerbas
556 1348 661 1419 ἔνεστι
683 1351 744 1437 γὰρ
766 1345 827 1418 κάν
847 1346 982 1430 τούτοις
1002 1375 1036 1417 τι
1058 1342 1261 1432 ἀδιαίρετον,

104 1455 179 1526 ἀλλ’
203 1457 287 1541 ἴσως
308 1458 350 1530 ού
370 1458 543 1547 χωριστόν,
566 1457 586 1531 ii
609 1468 705 1532 nutui
725 1461 782 1530 ἕνα
804 1462 863 1528 τόν
883 1456 1001 1547 χρόνον
1016 1459 1074 1527 καὶ
1088 1459 1129 1526 τό
1142 1463 1259 1549 μῆκος.

104 1570 157 1636 sui
177 1569 282 1639 τοῦδ’
307 1569 435 1656 ὁμοίως
461 1573 497 1642 δι
523 1571 651 1644 &nursi
677 1571 748 1643 ἐστι
774 1576 823 1660 uqi
850 1575 979 1654 συνεχεῖ
999 1571 1056 1638 καὶ
1074 1566 1181 1659 χρόνῳ
1202 1573 1261 1640 καὶ

102 1677 198 1769 μήκει
252 1684 395 1764 Quibus,
423 1687 450 1752 si
479 1709 540 1773 per
561 1709 597 1750 se
618 1687 782 1773 leguntur,
813 1693 949 1772 apparet
971 1681 1100 1763 doceri,
1127 1683 1160 1748 iu
1184 1707 1260 1750 uun·

104 1815 231 1882 quoqne
253 1793 404 1862 continuo
427 1807 461 1862 et
482 1797 514 1862 iu
538 1807 685 1885 ternpore
707 1805 741 1860 et
761 1794 794 1861 in
815 1795 902 1860 lines
924 1793 1029 1858 inesse
1052 1791 1187 1881 aliquid,
1213 1794 1260 1860 id·

104 1925 165 1990 que
186 1903 229 1968 ab
250 1903 306 1969 illo
326 1927 391 1971 nun
413 1905 611 1985 adauctum,
634 1904 719 1992 quod
742 1917 779 1970 ut
801 1903 987 1970 continuum
1009 1907 1051 1968 sit
1073 1925 1171 1968 unuin
1193 1903 1260 1970 effi-

103 2011 173 2077 ciat
218 2012 314 2093 Queri
337 2015 413 2104 quid
442 2016 496 2097 sit,
524 2015 586 2082 etei
609 2014 800 2081 Aristoteles
821 2035 885 2080 uun
909 2011 1001 2092 dicit,
1032 2024 1140 2080 tamen
1163 2013 1261 2097 sigui·

103 2122 192 2188 ficari
214 2123 342 2190 videtur
363 2125 462 2192 mutio
483 2147 552 2192 uua
566 2136 601 2191 et
614 2124 781 2190 continens
798 2145 881 2210 quae
895 2121 974 2188 iliud
996 2133 1156 2210 procreat.
1189 2123 1259 2188 Iam

103 2234 322 2300 examinemus
344 2235 440 2300 haec:
462 2235 550 2303 κατὰ
572 2231 778 2320 συμβεβηκός
792 2231 842 2302 δέ,
866 2232 922 2300 sui
941 2221 1036 2321 ούχῆ
1052 2227 1248 2301 insincerus

102 2339 193 2426 ριτό,
222 2333 343 2431 panai
362 2344 419 2414 aui
440 2345 475 2412 ἐν
496 2335 524 2436 ᾧ
545 2341 667 2434 χρόνῳ.
696 2339 774 2412 ἀλλ’
797 2331 821 2431 ἦ
843 2337 1032 2430 ἀδιαίρετα·
1061 2339 1169 2410 ἔνεστι
1197 2342 1260 2429 γὰρ
1384 2349 1386 2355 ’

102 2447 161 2520 κάν
187 2449 324 2534 τούτοις
347 2480 382 2522 τι
409 2449 615 2540 ἀδιαίρετοι,
645 2450 722 2521 ἀλλ’
746 2449 830 2532 ἴσως
858 2449 899 2522 ού
922 2450 1093 2540 χωριστόν,
1125 2444 1144 2521 ii
1166 2458 1264 2520 ποιεῖ

103 2559 159 2629 irc
183 2562 243 2630 cair
267 2560 386 2651 χρόνον
413 2565 470 2633 rui
491 2565 533 2633 τό
554 2569 669 2654 μῆκος.
715 2566 754 2630 Iu
783 2565 900 2651 quibus
929 2588 1000 2630 cum
1029 2563 1109 2630 iilud
1137 2551 1163 2652 ρῖ
1189 2570 1264 2632 νοεῖ

105 2695 172 2740 esse
197 2685 342 2763 nequeat
373 2675 433 2742 uisi
466 2677 553 2744 actio
584 2676 714 2755 mentis,
748 2674 958 2760 philosophus
990 2672 1070 2739 dicit
1102 2673 1199 2740 etiarn
1227 2677 1259 2740 iu

100 2783 223 2850 acticus
245 2787 362 2852 mentis
384 2797 417 2854 et
438 2787 470 2852 iu
493 2799 643 2875 ternpore
663 2785 769 2850 inesse
792 2781 929 2871 aliquid,
957 2781 1056 2867 idque
1078 2782 1177 2850 abiis
1199 2785 1262 2849 ior·

101 2903 184 2958 tasse
205 2917 271 2961 non
293 2896 483 2980 seiunctum,
507 2895 593 2984 quod
616 2919 716 2961 unum
739 2893 857 2960 efficiat
879 2901 911 2958 et
933 2901 1061 2977 tempus
1084 2903 1117 2958 et
1131 2892 1260 2960 lineam.

103 2999 166 3068 Sed
188 3003 327 3092 primum
349 3005 465 3072 mirum
490 3016 555 3087 est,
583 3016 712 3094 tempus
740 3015 773 3071 et
801 3001 961 3070 actionem
983 2999 1100 3068 mentis
1120 3002 1204 3070 inter
1225 3027 1262 3072 se

101 3113 256 3202 componi.
300 3113 384 3180 Tum
413 3137 478 3182 uon
513 3114 726 3200 intellegitur,
763 3113 841 3202 quid
874 3125 1004 3201 tempus
1039 3121 1076 3176 ut
1108 3111 1194 3178 linea
1219 3114 1261 3181 sit

102 3244 164 3287 una
184 3225 342 3290 conferat.
387 3225 540 3314 Denique
562 3225 644 3289 haec
666 3245 731 3290 nou
753 3224 954 3311 respondent
975 3221 1154 3289 sententiae
1177 3246 1260 3311 quae

102 3351 196 3418 supra
216 3332 310 3399 uobis
332 3335 478 3401 emersit:
506 3334 540 3398 iu
568 3333 720 3398 continuo
742 3332 814 3421 ipsu
835 3332 967 3398 unitatis
990 3354 1119 3398 causam
1141 3333 1259 3400 inesse.

101 3438 195 3518 Quae
216 3441 377 3508 sententia
397 3443 423 3510 si
439 3467 521 3511 vera
543 3453 602 3516 est,
624 3442 658 3508 iu
682 3443 869 3508 enunciate:
891 3437 996 3508 ἔνεστι
1020 3440 1082 3527 γὰρ
1105 3437 1166 3510 κάν
1186 3442 1260 3510 τού-

100 3571 170 3628 τοις
189 3575 223 3616 τι
244 3546 448 3636 ἀδιαίρετοι,
473 3548 553 3622 ἀλλ’
577 3546 661 3632 ἴσως
688 3546 729 3618 ού
755 3546 929 3639 χωριστόν,
959 3544 1096 3620 inusti
1121 3553 1179 3620 ἕνα
1200 3554 1259 3622 τόν

13 3675 14 3690 ’
99 3655 213 3744 χρόνον
241 3661 297 3728 sci
324 3661 363 3728 τό
389 3666 510 3750 μῆκος,
539 3665 646 3730 ταῦτα
669 3655 745 3748 (κάν
765 3656 915 3748 τούτοις)
937 3685 1010 3730 esse
1038 3687 1101 3730 nun
1125 3676 1260 3752 possunt

12 3813 14 3836 ι
101 3769 157 3835 nisi
179 3771 267 3838 linea
288 3783 321 3836 et
342 3783 483 3862 tempus.
528 3773 612 3842 Cum
640 3779 749 3840 autem
775 3775 882 3840 cuiae
910 3783 1058 3860 spectent
1079 3774 1119 3838 ad
1142 3762 1169 3862 ᾧ
1189 3779 1261 3842 snei

100 3878 153 3944 sui
180 3878 215 3948 ἀι
236 3869 265 3970 ᾧ
283 3876 406 3970 χρόνῳ,
435 3883 516 3950 illud
545 3873 572 3974 ᾧ
600 3888 684 3958 νοεῖ,
711 3893 748 3948 ut
772 3883 854 3950 irasc
880 3883 965 3948 iuter
993 3907 1028 3948 se
1055 3883 1258 3966 conveniant,

101 3990 285 4060 mutandum
311 4003 362 4058 est
383 4015 422 4059 eo
446 3993 562 4076 modo,
589 4003 626 4060 ut
652 3993 739 4058 lines
766 3991 912 4078 intellegi
939 3991 1050 4080 possit.
1094 3991 1189 4070 Quod
1212 3994 1258 4074 fit,

102 4097 126 4162 si
154 4123 213 4188 pro
239 4100 349 4168 dativo
377 4103 529 4190 ponimus
556 4101 793 4170 accusativum:
821 4093 841 4166 ii
867 4107 947 4168 snei.
997 4101 1067 4170 Iam
1090 4123 1168 4168 vero
1194 4125 1257 4168 unu

102 4209 233 4294 amplius
260 4211 341 4276 haec
363 4211 467 4278 verba
493 4213 598 4280 locatur
620 4235 718 4300 quem
747 4235 832 4278 nuuc
854 4223 965 4278 tanne
987 4221 1130 4298 possunt.
1175 4211 1258 4278 Ouru

102 4327 204 4386 auteur
227 4321 414 4407 pertineant
434 4321 476 4388 ad
490 4321 693 4388 individuum
710 4320 909 4409 quantitatis,
931 4331 1007 4386 autc
1022 4320 1130 4388 emnia
1153 4321 1261 4388 viden·

101 4423 173 4496 dum
195 4441 259 4512 est,
288 4453 366 4498 nuru
396 4431 424 4497 si
447 4431 592 4519 reliquae
615 4432 655 4498 de
677 4431 739 4496 boc
761 4429 999 4498 individuorum
1021 4453 1141 4512 genere
1164 4453 1262 4518 cxpe-
