2966 5072
618 563 658 625 33

118 751 254 800 mcnrsu
276 733 335 800 vu
356 735 399 801 cd
422 733 585 802 ciceronis
608 735 708 803 libros
729 736 771 802 de
786 735 921 802 Finibus
930 737 985 820 ⁷⁰).
1031 735 1149 802 (lenset

116 834 298 922 Madvigius
330 839 538 908 Aristotelem
566 861 625 908 nec
653 843 831 926 generatim
856 831 957 909 libro‘s
988 861 1062 908 suos
1092 842 1147 908 de·
1269 861 1272 868 ’

118 941 303 1025 scripsisse,
331 965 392 1010 nee
414 945 570 1029 quosdam
592 947 733 1013 occultos
763 946 933 1028 habuisse,
968 947 1032 1013 nisi
1061 947 1148 1032 quod

118 1045 263 1114 nonnulli
284 1069 349 1113 non
371 1049 519 1116 celeriter
540 1051 676 1117 confecti
705 1052 779 1117 sint.
838 1050 900 1130 Qui
931 1052 1017 1134 apud
1043 1053 1148 1136 ipsum

118 1147 297 1235 λξιιιτριιιολ
318 1151 409 1232 λόγοι
431 1161 732 1237 commemorentur,
767 1177 821 1222 eos
843 1177 908 1221 non
937 1156 1037 1222 libros
1067 1177 1147 1238 esse,

120 1254 175 1320 scd
196 1276 383 1324 communes
405 1257 568 1324 bominum
589 1280 655 1324 nou
676 1258 805 1325 rudium
818 1266 911 1325 extra
928 1258 1069 1327 scholam
1082 1282 1147 1327 ser·

120 1379 229 1426 mones
252 1361 465 1447 motionesque
487 1369 600 1438 etrorc
621 1362 703 1427 καιολ
725 1363 925 1448 φιλοσοφίαν
945 1363 1053 1444 λόγοις
1074 1387 1148 1431 con·

120 1465 238 1530 trarios
261 1466 355 1548 p0m'3
378 1487 489 1533 eornm
509 1469 705 1535 mentionem
727 1468 937 1536 Aristotelem
963 1470 1069 1536 facere
1091 1476 1149 1537 aut

119 1569 317 1635 testificandi
339 1591 452 1654 cansa,
476 1578 550 1653 aut,
579 1578 617 1640 ut
639 1593 694 1639 eos
716 1573 750 1638 in
771 1593 924 1656 praesens
947 1573 1094 1641 sufficere
1116 1580 1150 1641 et

120 1673 278 1740 tenendos
300 1695 371 1741 csse
392 1675 488 1758 dicat,
512 1699 611 1762 quum
633 1676 784 1744 subtilius
807 1699 876 1743 rem
898 1679 1066 1762 exquirere
1084 1699 1149 1744 non

120 1785 221 1844 vacet.
267 1777 360 1846 Hanc
381 1781 695 1866 interpretationem,
716 1783 753 1846 in
775 1802 871 1865 quam
890 1785 956 1866 jam
978 1786 1053 1846 ante
1076 1801 1149 1848 eum

123 1877 193 1962 alii,
220 1882 346 1966 primus
368 1886 604 1970 Ζεὶιλλοοοοῖλ),
626 1884 823 1966 inciderant,
855 1883 999 1950 everbis
1023 1905 1150 1968 quoque

123 1983 202 2050 effici
224 1989 332 2069 putat.
377 1989 573 2074 Koreton)
596 1987 789 2055 sententiam
813 1994 845 2054 et
867 1989 1028 2073 crassen)
1050 1989 1149 2074 inter-

123 2091 339 2172 pretationem
360 2094 482 2178 reJicit,
513 2093 617 2175 illius,
649 2093 736 2177 quod
765 2113 843 2158 usus
864 2091 1016 2176 loquendi
1037 2091 1150 2157 adver·

123 2199 228 2275 satur,
261 2194 413 2279 alterius,
448 2197 536 2280 qood
557 2198 641 2262 mira
671 2202 705 2261 et
734 2196 902 2280 multiplex
929 2195 982 2262 sit.
1035 2195 1151 2263 Totam

123 2304 231 2363 antem
252 2300 438 2366 Aristotelis
459 2300 616 2367 librorum
636 2301 823 2366 divisionem
845 2307 951 2366 ortam
972 2321 1043 2366 esse
1056 2307 1151 2384 putat
1242 2353 1245 2360 ,

123 2421 162 2468 ex
175 2403 261 2470 falsa
271 2405 542 2490 interpretatione
560 2405 785 2491 appellationis
799 2405 1006 2490 (ἐξωτερικῶν
1021 2403 1148 2490 λόγων).

124 2505 216 2586 Quod
245 2508 407 2594 quomodo
442 2508 582 2592 probare
609 2514 759 2592 conetur,
804 2508 892 2591 apud
919 2509 1025 2592 ipsum
1056 2508 1151 2574 velim

122 2611 248 2694 videas,
272 2634 371 2697 quum
398 2615 467 2699 ejus
495 2615 559 2678 cdv
580 2613 773 2697 ἐξωτερικῶν
795 2613 901 2694 λόγων
923 2614 1150 2697 interpretatio

123 2716 215 2784 nobis
237 2717 367 2801 quidem
388 2738 453 2783 non
475 2718 579 2782 minus
602 2736 700 2801 quam
723 2737 850 2797 cortun,
878 2735 960 2799 quos
980 2716 1149 2800 repreben-

123 2819 187 2903 dit,
210 2820 295 2887 falsa
316 2841 387 2888 esse
407 2820 566 2888 videatur.
611 2819 812 2905 Quemquam
833 2826 922 2886 recte
936 2819 1014 2886 dicit
1027 2822 1150 2886 Aristo·

122 2925 220 2992 telem
242 2945 303 2992 nec
326 2927 506 3009 generatim
527 2925 628 2993 libros
651 2946 727 2992 suos
741 2925 958 3009 descripsisse,
981 2944 1041 2991 nec
1056 2945 1150 3008 quos·

124 3029 197 3095 dam
219 3029 364 3098 occultos
393 3029 555 3096 habuisse.
603 3031 732 3097 Etenim
758 3031 786 3096 si
813 3028 1003 3095 Aristoteles
1030 3029 1151 3113 passim
1236 3075 1244 3088 .

124 3133 167 3200 ad
186 3134 391 3222 λξιοιεριιιούς
412 3135 531 3214 λόγους
550 3139 718 3220 prouocat,
746 3134 832 3219 quis,
860 3154 994 3217 quaeso,
1022 3139 1151 3201 conten·

123 3237 194 3320 dat,
223 3259 263 3305 ea
284 3259 321 3304 re
347 3260 417 3306 esse
443 3239 620 3306 confectam
647 3239 689 3304 ab
716 3238 787 3322 ipso
813 3238 970 3322 scriptore
995 3237 1151 3303 librorum

122 3361 255 3408 suornm
275 3341 536 3409 distributionem
558 3343 719 3428 aliquam?
764 3340 827 3408 Sed
848 3340 940 3422 illud,
964 3341 1050 3424 quod
1071 3341 1151 3418 ἕξοι-

122 3447 264 3530 amande
285 3446 404 3526 λόγους
425 3456 535 3515 censet
560 3449 660 3515 fuisse
686 3467 868 3512 communes
897 3444 1060 3511 hominum
1086 3467 1151 3511 non

122 3551 250 3618 rudium
273 3557 367 3618 extra
393 3553 535 3618 scholam
563 3574 726 3620 sermones
759 3551 983 3635 notlonesque,
1014 3554 1082 3637 jam
1113 3571 1153 3616 ea

122 3653 280 3722 decanea
306 3663 394 3722 recte
422 3656 550 3722 dubites
583 3679 660 3724 num
689 3677 799 3723 verum
828 3656 886 3736 sit,
920 3655 998 3740 quia
1023 3657 1151 3722 omnino

121 3760 314 3828 Aristoteles
339 3761 470 3846 judiciis
504 3761 717 3844 multitudinis
743 3780 808 3833 non
843 3758 979 3831 multum
1008 3759 1151 3827 tribuere

193 3991 242 4060 λθ)
259 4007 284 4056 p.
304 3993 356 4044 860
374 4007 411 4057 sq.
429 3993 476 4043 tiri
493 3992 622 4044 doctissimi
640 3989 766 4040 auctoritas
784 3991 853 4048 lacit,
878 3995 904 4038 ot
922 3987 988 4038 molti
1007 3985 1082 4037 adbuc
1100 3987 1150 4047 ejus

119 4083 251 4134 notatim
270 4083 356 4134 addicti
374 4085 429 4134 sint
502 4081 550 4150 λλ)
569 4083 601 4133 ba
614 4082 716 4145 sancino
735 4087 836 4128 rotarum
847 4077 945 4128 docendi
962 4077 1032 4126 modo
1050 4091 1073 4142 p.
1086 4075 1110 4126 d.
1121 4077 1149 4128 cl.

120 4171 201 4224 Βιλλι
219 4172 249 4222 nd
268 4169 349 4222 Arist.
369 4185 407 4236 op.
424 4171 450 4232 l,
469 4185 493 4236 p.
514 4171 565 4224 1³0
584 4187 620 4237 sq.
712 4166 761 4236 72)
779 4169 817 4218 ln:
838 4166 947 4234 uotunq.
962 4164 1071 4232 quatra
1085 4162 1150 4220 Ans.

122 4261 151 4314 2:
170 4263 213 4314 od.
235 4259 314 4312 1834.
332 4275 356 4325 p.
378 4261 445 4314 189³
465 4277 515 4328 sqq.
626 4257 673 4326 7³)
693 4256 854 4314 Aristotelio.
873 4253 892 4304 ll
912 4267 935 4318 p.
956 4251 1007 4302 aut
1027 4267 1080 4318 sqq.

889 4353 907 4416 3
