2966 5072
827 511 868 574 48

302 719 311 734 ,
343 669 435 735 verit.
478 667 550 736 Nisi
571 669 657 736 enim
677 669 739 738 hoc
760 673 842 743 bene
863 676 1025 761 cognitum
1046 675 1099 759 sit,
1121 697 1197 758 non,
1219 695 1305 762 quoe
1326 677 1370 744 sit

341 775 465 857 optima
486 772 680 859 reipublicae
701 778 796 862 ratio,
820 780 959 865 perspici
982 799 1086 864 posse.
1133 779 1260 864 Optime
1284 780 1369 848 enim

341 877 447 944 vivere
469 883 719 946 consentaneum
742 903 812 949 esse
835 905 899 964 eos,
924 884 980 968 qui
1002 905 1062 968 pro
1083 904 1144 950 sua
1166 884 1302 968 quisque
1317 903 1369 948 ra·

341 982 429 1050 tione
452 984 572 1066 optimo
605 985 801 1068 reipublicae
835 992 925 1058 statu
954 991 1105 1068 utantur,
1140 986 1203 1054 uisi
1233 987 1261 1053 si
1290 986 1369 1071 quid

342 1093 473 1172 praeter
509 1089 651 1154 omnium
686 1091 867 1174 opinionem
897 1091 1031 1158 aecidat.
1087 1091 1201 1175 Itaque
1230 1091 1370 1174 primum

342 1197 493 1276 oportere
515 1199 656 1274 constet,
693 1215 777 1278 quae
806 1197 848 1262 sit
869 1195 995 1261 vivendi
1023 1195 1108 1262 ratio
1136 1193 1284 1261 omnibus
1313 1193 1370 1260 ho·

342 1297 482 1364 minibus
503 1299 641 1364 maxime
663 1299 823 1383 optanda,
852 1300 983 1382 deinde,
1007 1299 1172 1394 utrum-in
1199 1297 1283 1363 civili
1313 1296 1369 1362 ho·

342 1403 465 1469 minum
486 1404 641 1470 societate
664 1404 777 1470 eadem
799 1405 842 1470 sit
864 1403 1143 1488 quaeseparetim,
1166 1422 1209 1468 on
1231 1401 1368 1467 diversa.

337 1506 417 1572 *Jam
439 1507 545 1591 pergit
570 1506 614 1572 ib.
637 1507 665 1592 ἓ.
681 1511 716 1572 2;
747 1510 943 1591 Νομίσαντες
965 1504 1023 1572 οὖν
1045 1503 1163 1582 ἱκανῶς
1184 1504 1292 1570 πολλὰ
1316 1504 1395 1568 ίέ-Ι

343 1612 461 1690 γεσθαι
483 1613 538 1672 καί
559 1613 623 1672 τῶν
643 1609 680 1674 ἐν
697 1619 774 1706 τρίς
795 1611 1033 1695 ἐξωτερικοῖς
1053 1610 1181 1690 λόγοις
1202 1613 1370 1694 περὶτῆς

343 1712 497 1798 α’ρίστρς
519 1712 611 1798 ζωῆς
627 1718 695 1778 καὶ
717 1718 786 1779 νῦν
807 1717 987 1800 χρηστέον
1009 1714 1147 1790 αὐτοῖς.
1169 1713 1211 1790 ῶς
1234 1713 1369 1798 ἀληθῶς

343 1821 405 1905 γὰρ
427 1820 509 1902 πρός
535 1841 570 1897 χε
595 1819 676 1901 μίαν
701 1818 857 1906 διαίρεσιν
886 1818 990 1894 οὐδεὶς
1021 1817 1288 1905 ἀμφισβητήσεων
1315 1819 1368 1896 α’ν,

346 1921 389 2002 ῶς
411 1921 465 1999 od,
492 1925 588 2008 τριῶν
608 1921 714 1988 οὐσῶν
735 1922 888 2008 μερίδων,
920 1927 984 1986 τῶν
1008 1947 1040 1988 τε
1065 1923 1154 1999 tucos
1175 1927 1230 1986 καί
1251 1925 1314 1987 τῶν
1334 1923 1371 1986 ἒν

345 2032 390 2115 τῷ
412 2028 533 2110 σῶματι
555 2030 696 2090 καὶτῶν
717 2027 753 2092 ἐν
773 2030 811 2118 τῇ
833 2029 936 2118 ψυχῇ,
964 2026 1072 2094 πάντα
1093 2029 1192 2093 ταῦτα
1213 2025 1372 2111 ὑπάρχειν

344 2142 410 2207 τοῖς
435 2134 606 2216 μακαρίοις
627 2130 686 2194 δεῖ.
742 2131 780 2196 In
807 2131 925 2216 quibus
959 2132 1045 2216 quod
1067 2132 1203 2200 alteram
1224 2133 1371 2198 enuntia

344 2237 465 2304 tionem
488 2256 548 2321 ope
569 2233 749 2319 particulae
770 2233 833 2321 γὰρ
855 2236 957 2320 priori
979 2236 1142 2322 adjunxit,
1170 2233 1371 2319 significavit,

345 2340 424 2427 quid
446 2341 506 2422 sit,
538 2338 625 2423 quod
647 2339 689 2404 ad
710 2338 915 2424 δξωτερικοδς
935 2339 1051 2419 λόγους
1070 2338 1308 2423 provocaverit,
1339 2344 1373 2404 et

345 2447 458 2514 statim
494 2443 758 2510 animadverteris
801 2465 872 2512 esso
901 2445 1059 2511 bonorum
1087 2445 1122 2510 in
1158 2447 1225 2509 tres
1262 2447 1373 2526 partes

346 2550 622 2630 distributionem,
651 2548 692 2615 de
720 2569 786 2633 qua
813 2549 881 2614 illic
912 2548 1042 2616 dixerit.
1092 2547 1236 2632 Respicit
1265 2546 1372 2613 autem

345 2655 465 2740 Magna
484 2652 621 2721 Moralia
642 2650 691 2718 vel
720 2652 830 2736 potius
850 2691 895 2701 -
915 2651 991 2737 quid
1020 2651 1105 2718 enim
1131 2671 1190 2718 nos
1223 2649 1373 2734 prohibet

343 2764 412 2848 jam
436 2759 476 2826 iis
502 2778 596 2834 suum
627 2777 742 2822 nomen
768 2759 934 2842 imponere
959 2793 1005 2806 --
1030 2755 1234 2839 ίξωαριιιυδς
1258 2753 1374 2833 λόγους

346 2863 371 2945 I,
397 2867 426 2945 3,
453 2867 480 2929 1.
522 2860 631 2928 Verba
658 2866 746 2926 sunt:
778 2863 874 2924 Μετὰ
900 2863 1007 2924 τοίνυν
1032 2863 1123 2924 τοῦτο
1150 2859 1214 2940 ἔχει
1239 2855 1373 2936 saraed

349 2971 403 3032 καὶ
425 2965 528 3051 ἄλλην
550 2963 716 3048 διαίρεσιν.
753 2966 843 3032 Ἔστι
864 2966 927 3051 reip
949 2968 1013 3028 τῶν
1035 2962 1177 3043 α’γαθῶν
1195 2962 1234 3026 coi
1255 2965 1315 3045 μὲν
1337 2961 1374 3026 ἒν

348 3076 439 3162 ψυχῇ
445 3123 453 3157 ,
488 3068 557 3134 οίον
579 3067 615 3132 ai
637 3068 762 3166 α’ρρταί·
785 3070 824 3133 τοὶ
846 3067 915 3133 δ’ἐν
937 3073 981 3154 τῷ
1002 3067 1142 3152 σῶματι,
1169 3065 1238 3132 οίυν
1258 3065 1372 3148 irisan,
1426 3067 1428 3072 ’

348 3176 481 3250 κάλλος·
503 3176 542 3256 coi
560 3173 582 3236 δ
586 3173 692 3248 'eiusde
714 3173 859 3251 πλοῦτος,
883 3171 976 3258 α’ρχή,
997 3174 1068 3257 τιμὴ
1081 3175 1102 3256 ἢ
1117 3173 1147 3234 εἴ
1165 3169 1298 3244 cneii-do
1310 3173 1375 3236 τῶν

293 3286 296 3294 ’
347 3279 508 3346 τοιούτων.
556 3278 686 3342 Τούτων
708 3277 745 3340 δὲ
759 3261 810 3340 ’τὰ
835 3278 982 3368 ἐνψυχῇ
1003 3277 1157 3359 βέλτιστα.
1209 3274 1260 3340 Τὰ
1283 3272 1314 3346 δ’
1339 3275 1376 3338 ἓν

348 3388 440 3474 ψυχῇ
461 3384 626 3468 διῶρισται
648 3380 765 3462 draeo
787 3381 833 3456 είς
854 3385 939 3466 τρία,
973 3383 1020 3456 είς
1041 3382 1211 3468 φρόνησιν,
1233 3379 1279 3459 είς
1296 3377 1375 3464 δρε-

289 3565 290 3570 ρ
348 3489 403 3573 τὴν
424 3491 479 3550 καὶ
500 3485 631 3572 ἡδονήν.
670 3486 708 3552 In
734 3485 851 3570 quibus
884 3505 982 3568 quum
1014 3485 1109 3569 plane
1142 3486 1253 3554 eodem
1279 3486 1376 3553 modo

348 3591 435 3658 bona
464 3591 498 3658 in
526 3594 594 3656 tres
619 3594 731 3673 portes
763 3588 953 3670 distribuat,
990 3610 1128 3674 quorum
1154 3591 1220 3658 clia
1248 3591 1377 3657 sintin

349 3695 472 3776 animo,
493 3700 531 3759 ut
550 3694 701 3775 virtutes,
728 3693 793 3768 alie
813 3694 848 3758 in
868 3713 1017 3778 corpore,
1050 3701 1087 3763 ut
1108 3695 1195 3761 bona
1214 3694 1376 3776 valetudo,

348 3799 567 3886 pulchritudo,
590 3799 656 3864 alia
677 3804 828 3879 externa,
859 3798 1009 3881 divitiae,
1042 3795 1233 3881 dominatio,
1263 3800 1376 3880 honor,

350 3925 389 3972 ea
410 3924 494 3988 quae
515 3905 548 3969 in
570 3903 676 3970 animo
690 3903 764 3984 siut,
787 3902 991 3987 optimaessc
1007 3902 1196 3972 arbitratur.
1241 3903 1377 3987 Deinde,

351 4007 437 4092 quod
460 4006 601 4078 breviter
623 4005 840 4090 concludendo
863 4006 925 4074 sibi
947 4008 1106 4091 reperisse
1125 4008 1263 4092 videtur,
1287 4008 1378 4074 istud

93 4168 95 4176 ,
225 4129 233 4138 ·
350 4113 483 4193 bonum,
510 4115 601 4198 eujus
623 4132 733 4178 omnes
753 4111 898 4178 homines
920 4113 1056 4178 maxime
1086 4118 1276 4197 appetentes
1299 4114 1375 4190 sint,

350 4217 430 4284 nihil
451 4237 521 4284 esse
543 4215 632 4283 aliud
652 4235 751 4301 quam
766 4213 999 4282 beatitudinem
1013 4215 1063 4282 vel
1072 4216 1268 4298 felicitatem,
1291 4214 1375 4282 hauc
