2870 5076
526 439 732 506 ..35-

62 621 159 681 sutem
184 613 257 704 ipsa
283 611 422 679 aedilicii
454 613 541 680 notio
570 622 603 679 et
632 612 735 678 forma
770 613 912 702 corporis
941 622 1060 680 motum
1089 613 1209 680 excitat

60 745 93 786 ac
113 721 218 811 dirigit
233 724 287 805 its,
312 731 346 788 ut
364 721 426 809 ipsi
451 724 632 790 conveniat.
667 723 784 812 Neque
801 724 895 790 aliter
916 745 968 788 res
992 746 1027 789 se
1050 724 1155 805 habet,
1180 723 1207 788 si

2 871 3 878 κ
60 832 121 920 quis
148 831 269 901 mederi
298 833 368 898 vult
394 833 514 898 homini
542 832 717 919 aegroto¹).
766 836 875 923 Atque
904 832 958 898 tali
981 833 1075 900 modo
1098 842 1205 899 movet

58 940 135 1010 deus.
177 942 229 1008 Ab
259 943 319 1008 hoc
347 952 452 1009 motus
490 943 705 1031 proficiscitur
733 942 845 1008 eodem
873 944 969 1031 plane
997 941 1107 1024 modo,
1140 965 1204 1032 quo

58 1053 187 1140 corporis
224 1051 323 1118 motio
357 1052 398 1118 ab
430 1051 631 1140 intellegibili
675 1061 708 1116 ct
742 1052 924 1139 appetibili,
965 1053 1050 1140 quod
1091 1062 1139 1117 est
1171 1053 1203 1118 in

58 1161 199 1250 mente').

130 1272 211 1340 Tres
241 1274 340 1362 igitur
365 1297 481 1341 causae
509 1274 542 1339 in
565 1295 663 1338 unam
686 1294 819 1358 prorsus
842 1273 1036 1340 coalescunt.
1083 1273 1203 1339 Verum

57 1389 152 1448 tamen
176 1393 240 1449 tres
264 1393 397 1468 tanturn,
419 1394 532 1450 contra
549 1392 663 1472 quarta
685 1381 725 1445 ab
742 1380 854 1447 eodem
872 1382 1030 1470 principio
1047 1382 1204 1469 originem

56 1491 236 1576 nonhabet,
260 1517 324 1582 qno
347 1519 472 1560 summa
495 1491 622 1558 exsistit
646 1490 830 1556 difficultas.
868 1491 998 1558 Etenim
1022 1493 1100 1560 deus
1122 1494 1204 1560 fines

57 1601 210 1669 constituit
232 1616 265 1668 ct
286 1603 413 1692 perficit
434 1604 592 1686 motione3
616 1599 672 1666 sed
689 1609 725 1666 ut
740 1600 822 1666 fines
840 1601 1031 1686 efficiantur,
1054 1626 1135 1692 opus
1157 1614 1206 1669 est

57 1711 189 1777 materia.
232 1713 318 1780 Nam
342 1713 478 1780 materia
501 1735 541 1777 ex
564 1709 739 1799 hypothesi
762 1711 947 1777 necessaria
976 1723 1037 1797 est,
1069 1737 1133 1803 qua
1154 1715 1206 1780 vel

56 1817 139 1903 dens,
169 1832 204 1888 ut
226 1823 307 1890 fines
331 1822 487 1913 propositi
510 1845 546 1888 re
570 1820 746 1901 exsistant,
770 1829 854 1908 eget.
900 1821 1034 1888 Materia
1057 1833 1163 1890 autem
1187 1848 1207 1890 a

56 1931 174 1996 numine
203 1933 311 1998 divino
346 1933 491 2020 profecta
525 1952 590 1996 non
618 1940 676 1995 est.
723 1929 840 2019 Itaque
868 1954 940 1996 cum
971 1931 1023 1996 dei
1050 1931 1203 2021 cogitatio

55 2037 89 2104 sit
110 2041 310 2130 cogitationis
341 2041 510 2128 cogitatio,
539 2040 579 2107 ad
609 2040 777 2106 materiam
808 2049 920 2127 utpote
943 2063 962 2105 a
985 2065 1019 2108 se
1042 2040 1204 2112 diversam

55 2149 203 2232 pertinere
229 2152 359 2240 nequit,
392 2161 488 2241 atque
522 2149 604 2215 adeo
634 2171 675 2216 ne
704 2147 745 2213 ad
775 2149 860 2215 hunc
891 2151 1022 2240 quidem
1048 2152 1202 2222 mundum

54 2259 200 2345 sensilem,
222 2287 297 2328 eum
318 2263 346 2328 is
370 2286 442 2328 cum
465 2262 600 2329 materia
615 2262 657 2326 sit
671 2260 871 2326 coniunctus.
906 2261 1022 2350 Itaque
1042 2283 1084 2329 ne
1099 2265 1203 2330 omnis

2 2451 3 2464 χ
54 2370 242 2438 necessitudo
265 2372 349 2438 inter
370 2371 465 2439 deum
489 2383 586 2459 atque
610 2373 695 2436 hunc
718 2371 873 2438 mundum
896 2370 1037 2456 tollatur,
1060 2374 1201 2442 maximo

54 2498 139 2565 opere
161 2493 210 2548 est
232 2482 420 2549 verendum.
466 2483 567 2549 Cuius
594 2481 791 2547 difficultatis
823 2503 921 2546 causa
942 2482 973 2547 in
998 2505 1036 2550 eo
1058 2484 1120 2550 sita
1143 2496 1200 2569 est,

54 2589 128 2674 quod
150 2592 343 2658 Aristotcles
372 2593 527 2660 materiae
557 2613 641 2679 quac
668 2590 749 2656 ratio
781 2613 854 2656 cnm
882 2615 1006 2658 summo
1033 2593 1199 2664 intellectu

52 2693 267 2784 intercederet,
289 2702 418 2768 omnino
435 2727 501 2769 non
518 2700 723 2788 significavit,
745 2700 778 2765 id
795 2701 881 2788 quod
899 2704 995 2768 etiam
1009 2701 1042 2769 in
1059 2706 1199 2774 humano

52 2803 203 2877 intellectu
227 2810 343 2878 omisit.
381 2811 511 2878 Etenim
536 2812 606 2878 uult
628 2810 758 2900 quidem
782 2813 883 2878 menti
906 2813 1082 2902 speculanti
1106 2815 1199 2882 simul

52 2913 202 2986 obversari
225 2921 469 3011 phantasma⁸);
493 2920 549 2988 sed
566 2925 598 2988 in
614 2924 838 3010 phantasmate
861 2923 982 3014 aliquid
1005 2923 1089 2990 inest
1112 2925 1199 3013 quod

52 3031 190 3096 materiae
211 3033 415 3120 respondeat,
438 3041 476 3098 ut
497 3053 615 3098 vocare
638 3032 741 3118 possis
756 3033 923 3100 materiam
944 3034 1197 3122 intellegibilem,

51 3129 118 3224 ὅλην
141 3137 273 3232 νοητήν,
311 3166 393 3232 quae
429 3142 525 3209 etiam
555 3142 731 3229 figurarum
760 3145 1030 3230 geometricorum
1063 3147 1197 3212 materia

51 3259 98 3314 est
140 3249 234 3331 Quae
255 3276 332 3319 vero
355 3255 437 3321 ratio
460 3257 561 3320 menti
584 3276 656 3320 cum
678 3253 814 3319 materia
837 3263 931 3336 esset,
954 3275 1018 3320 non
1035 3257 1194 3342 exposuit.

52 3357 146 3446 Atque
166 3385 254 3428 nova
275 3362 327 3428 hic
348 3364 441 3430 nobis
465 3363 608 3430 occurrit
631 3363 788 3452 quaestio.
825 3363 861 3429 Si
883 3364 1065 3431 intellectus
1087 3365 1197 3432 huma·

50 3487 107 3549 nus,
129 3471 181 3537 nbi
203 3473 398 3560 speculatur,
421 3497 558 3542 necesse
575 3484 625 3540 est
641 3473 702 3539 sibi
717 3473 872 3562 depingat
894 3475 1094 3563 phantasma,
1117 3499 1194 3544 num

50 3571 160 3646 divinus
182 3581 363 3650 intellectus
380 3608 419 3652 eo
435 3595 545 3674 potest
566 3583 700 3650 carere‘l
730 3584 793 3650 Vix
816 3584 878 3650 hoc
900 3587 1078 3653 concedere
1102 3588 1196 3654 aude-

50 3709 119 3772 nus,
141 3717 213 3760 cum
235 3703 359 3760 tantum
384 3695 603 3764 similitudinis
625 3694 802 3762 intellectui
826 3697 966 3766 humano
989 3723 1062 3766 cnm
1086 3700 1194 3767 divino

53 3847 232 3868 ³*—

55 4031 59 4044 .
111 3955 206 4020 ¹)llet
225 3963 256 4025 Ζ,
276 3967 299 4014 7.
323 3969 390 4018 10³2
403 3965 421 4018 h
436 3970 483 4019 ut:
502 3960 532 4017 τὸ
553 3961 587 4030 δὴ
606 3964 707 4017 ποιοῦν
725 3966 772 4017 καὶ
792 3961 859 4020 ὅθεν
878 3959 988 4034 ἄρχεται
1001 3961 1017 4031 ἡ
1030 3969 1134 4032 κίνησις
1147 3965 1194 4019 rori

50 4047 179 4114 muhata,
197 4046 227 4100 τὸ
247 4047 320 4110 εἶδός
339 4051 394 4105 lora
415 4051 445 4106 ad
464 4050 493 4105 lv
509 4053 541 4122 τῇ
554 4051 639 4124 ψυχῇ.

109 4131 127 4198 ¹)
146 4137 175 4190 L.
194 4137 272 4201 1.Λ,
292 4142 317 4190 7.
340 4142 408 4191 1072
420 4155 436 4190 a
449 4143 496 4192 at:
515 4141 609 4193 τοίνυν
628 4139 685 4192 ἔστι
702 4159 728 4194 rs
741 4135 757 4194 d
769 4138 802 4193 ori
822 4136 987 4210 κινούμενον
1005 4143 1083 4204 κινεῖ,
1102 4134 1195 4194 didaco

50 4217 88 4266 ael
110 4219 188 4276 odota
213 4225 261 4276 aul
285 4225 409 4294 ἐνέργεια
435 4219 515 4282 uduo.
541 4230 612 4280 κινεῖ
636 4225 667 4280 dl
692 4215 744 4282 side
767 4226 797 4281 τὸ
822 4225 944 4299 ὀρεκτόν,
970 4229 1016 4280 acl
1041 4225 1069 4280 rd
1095 4225 1195 4294 νοητὸν

50 4309 110 4359 κινεῖ
124 4307 157 4364 od
174 4309 352 4383 κινούμενον.

110 4393 128 4460 ³)
147 4400 186 4454 De
203 4403 284 4454 anim.
302 4401 351 4468 111,
371 4405 395 4454 8.
414 4405 466 4454 4³2
479 4418 496 4453 a
509 4405 539 4454 rt:
558 4397 626 4458 duur
643 4419 671 4456 rr
689 4403 790 4476 θεωρῇ,
810 4397 917 4472 ἀνάγκη
930 4395 989 4474 ἅμα
1001 4397 1154 4476 φάντασμά
1165 4421 1191 4462 rr

51 4479 161 4552 metr.
