<?xml version="1.0" encoding="UTF-8"?>
<!DOCTYPE html PUBLIC "-//W3C//DTD XHTML 1.0 Transitional//EN"
    "http://www.w3.org/TR/xhtml1/DTD/xhtml1-transitional.dtd">
<html xmlns="http://www.w3.org/1999/xhtml" xml:lang="en" lang="en">
 <head>
  <title>
</title>
<meta http-equiv="Content-Type" content="text/html;charset=utf-8" />
  <meta name='ocr-system' content='tesseract 3.04.00' />
  <meta name='ocr-capabilities' content='ocr_page ocr_carea ocr_par ocr_line ocrx_word'/>
</head>
<body>
  <div class='ocr_page' id='page_1' title='image "./dearistotelisez00thomgoog_0308.png"; bbox 0 0 2950 5076; ppageno 0'>
   <div class='ocr_carea' id='block_1_1' title="bbox 242 599 1366 705">
    <p class='ocr_par' dir='ltr' id='par_1_1' title="bbox 242 599 1366 705">
     <span class='ocr_line' id='line_1_1' title="bbox 242 599 1366 705; baseline -0.005 -19"><span class='ocrx_word' id='word_1_1' title='bbox 242 646 309 686; x_wconf 88' lang='lat' dir='ltr'><strong>cum</strong></span> <span class='ocrx_word' id='word_1_2' title='bbox 344 643 407 685; x_wconf 88' lang='lat' dir='ltr'><strong>rem</strong></span> <span class='ocrx_word' id='word_1_3' title='bbox 438 631 552 703; x_wconf 82' lang='lat' dir='ltr'><strong>gestam</strong></span> <span class='ocrx_word' id='word_1_4' title='bbox 585 623 738 705; x_wconf 82' lang='lat' dir='ltr'><strong>qnondam</strong></span> <span class='ocrx_word' id='word_1_5' title='bbox 780 624 830 690; x_wconf 82' lang='lat' dir='ltr'><strong>alii</strong></span> <span class='ocrx_word' id='word_1_6' title='bbox 863 626 1062 704; x_wconf 79' lang='lat' dir='ltr'><strong>praecessisse</strong></span> <span class='ocrx_word' id='word_1_7' title='bbox 1097 622 1231 696; x_wconf 71' lang='grc' dir='ltr'><strong>ἱηᾶίοοῒ,</strong></span> <span class='ocrx_word' id='word_1_8' title='bbox 1258 599 1366 682; x_wconf 77' lang='lat' dir='ltr'><strong>videtur</strong></span> 
     </span>
    </p>
   </div>
   <div class='ocr_carea' id='block_1_2' title="bbox 242 724 1462 808">
    <p class='ocr_par' dir='ltr' id='par_1_2' title="bbox 242 724 1462 808">
     <span class='ocr_line' id='line_1_2' title="bbox 242 724 1462 808; baseline -0.004 -21"><span class='ocrx_word' id='word_1_9' title='bbox 242 728 339 804; x_wconf 83' lang='lat' dir='ltr'><strong>magis</strong></span> <span class='ocrx_word' id='word_1_10' title='bbox 362 729 488 787; x_wconf 91' lang='lat' dir='ltr'><strong>sermoni</strong></span> <span class='ocrx_word' id='word_1_11' title='bbox 520 746 621 786; x_wconf 85' lang='lat' dir='ltr'><strong>sorum</strong></span> <span class='ocrx_word' id='word_1_12' title='bbox 655 729 704 806; x_wconf 90' lang='lat' dir='ltr'><strong>qui</strong></span> <span class='ocrx_word' id='word_1_13' title='bbox 739 727 889 787; x_wconf 72' lang='lat' dir='ltr'><strong>historiam</strong></span> <span class='ocrx_word' id='word_1_14' title='bbox 926 726 1059 786; x_wconf 88' lang='lat' dir='ltr'><strong>scribunt</strong></span> <span class='ocrx_word' id='word_1_15' title='bbox 1081 745 1169 808; x_wconf 82' lang='lat' dir='ltr'><strong>quam</strong></span> <span class='ocrx_word' id='word_1_16' title='bbox 1191 724 1366 804; x_wconf 90' lang='lat' dir='ltr'><strong>philosophis</strong></span> <span class='ocrx_word' id='word_1_17' title='bbox 1461 781 1462 788; x_wconf 69' lang='grc'><strong>,</strong></span> 
     </span>
    </p>
   </div>
   <div class='ocr_carea' id='block_1_3' title="bbox 238 849 1370 1314">
    <p class='ocr_par' dir='ltr' id='par_1_3' title="bbox 243 849 409 892">
     <span class='ocr_line' id='line_1_3' title="bbox 243 849 409 892; baseline 0.018 -3"><span class='ocrx_word' id='word_1_18' title='bbox 243 849 409 892; x_wconf 81' lang='lat' dir='ltr'><strong>convenire.</strong></span> 
     </span>
    </p>

    <p class='ocr_par' dir='ltr' id='par_1_4' title="bbox 238 924 1370 1314">
     <span class='ocr_line' id='line_1_4' title="bbox 244 924 1369 1016; baseline -0.006 -25"><span class='ocrx_word' id='word_1_19' title='bbox 244 927 247 932; x_wconf 78' lang='grc'><strong>’</strong></span> <span class='ocrx_word' id='word_1_20' title='bbox 328 931 456 1010; x_wconf 79' lang='lat' dir='ltr'><strong>Saepius</strong></span> <span class='ocrx_word' id='word_1_21' title='bbox 489 925 666 989; x_wconf 87' lang='lat' dir='ltr'><strong>Aristoteles</strong></span> <span class='ocrx_word' id='word_1_22' title='bbox 693 930 868 1016; x_wconf 79' lang='lat' dir='ltr'><strong>particulam</strong></span> <span class='ocrx_word' id='word_1_23' title='bbox 890 924 966 1008; x_wconf 85' lang='grc' dir='ltr'><strong>πρίν</strong></span> <span class='ocrx_word' id='word_1_24' title='bbox 996 949 1061 991; x_wconf 89' lang='lat' dir='ltr'><strong>cum</strong></span> <span class='ocrx_word' id='word_1_25' title='bbox 1084 929 1272 1012; x_wconf 83' lang='lat' dir='ltr'><strong>conjunctivo</strong></span> <span class='ocrx_word' id='word_1_26' title='bbox 1294 927 1369 986; x_wconf 85' lang='lat' dir='ltr'><strong>adhi-</strong></span> 
     </span>
     <span class='ocr_line' id='line_1_5' title="bbox 244 1029 1369 1110; baseline -0.004 -18"><span class='ocrx_word' id='word_1_27' title='bbox 244 1033 305 1108; x_wconf 88' lang='lat' dir='ltr'><strong>bet,</strong></span> <span class='ocrx_word' id='word_1_28' title='bbox 339 1034 363 1092; x_wconf 89' lang='lat' dir='ltr'><strong>si</strong></span> <span class='ocrx_word' id='word_1_29' title='bbox 387 1033 549 1091; x_wconf 83' lang='lat' dir='ltr'><strong>enuntiatio</strong></span> <span class='ocrx_word' id='word_1_30' title='bbox 572 1051 649 1110; x_wconf 92' lang='lat' dir='ltr'><strong>quae</strong></span> <span class='ocrx_word' id='word_1_31' title='bbox 671 1031 820 1090; x_wconf 77' lang='lat' dir='ltr'><strong>antecedit</strong></span> <span class='ocrx_word' id='word_1_32' title='bbox 841 1032 984 1108; x_wconf 79' lang='lat' dir='ltr'><strong>negative</strong></span> <span class='ocrx_word' id='word_1_33' title='bbox 1006 1040 1067 1104; x_wconf 78' lang='lat' dir='ltr'><strong>est3</strong></span> <span class='ocrx_word' id='word_1_34' title='bbox 1103 1033 1145 1090; x_wconf 93' lang='lat' dir='ltr'><strong>ita</strong></span> <span class='ocrx_word' id='word_1_35' title='bbox 1178 1039 1278 1089; x_wconf 88' lang='lat' dir='ltr'><strong>autem</strong></span> <span class='ocrx_word' id='word_1_36' title='bbox 1308 1029 1369 1088; x_wconf 89' lang='lat' dir='ltr'><strong>libri</strong></span> 
     </span>
     <span class='ocr_line' id='line_1_6' title="bbox 238 1123 1370 1218; baseline -0.008 -25"><span class='ocrx_word' id='word_1_37' title='bbox 238 1132 368 1218; x_wconf 83' lang='lat' dir='ltr'><strong>distant,</strong></span> <span class='ocrx_word' id='word_1_38' title='bbox 397 1142 429 1192; x_wconf 87' lang='lat' dir='ltr'><strong>ut</strong></span> <span class='ocrx_word' id='word_1_39' title='bbox 455 1133 487 1192; x_wconf 88' lang='lat' dir='ltr'><strong>in</strong></span> <span class='ocrx_word' id='word_1_40' title='bbox 509 1134 574 1192; x_wconf 84' lang='lat' dir='ltr'><strong>aliis</strong></span> <span class='ocrx_word' id='word_1_41' title='bbox 596 1132 733 1192; x_wconf 88' lang='lat' dir='ltr'><strong>omnibus</strong></span> <span class='ocrx_word' id='word_1_42' title='bbox 753 1131 826 1191; x_wconf 91' lang='lat' dir='ltr'><strong>locis</strong></span> <span class='ocrx_word' id='word_1_43' title='bbox 847 1123 902 1203; x_wconf 83' lang='grc' dir='ltr'><strong>ἄν,</strong></span> <span class='ocrx_word' id='word_1_44' title='bbox 937 1134 968 1190; x_wconf 91' lang='lat' dir='ltr'><strong>in</strong></span> <span class='ocrx_word' id='word_1_45' title='bbox 990 1133 1057 1191; x_wconf 87' lang='lat' dir='ltr'><strong>aliis</strong></span> <span class='ocrx_word' id='word_1_46' title='bbox 1073 1123 1102 1200; x_wconf 66' lang='lat' dir='ltr'><strong>&#39;ir</strong></span> <span class='ocrx_word' id='word_1_47' title='bbox 1117 1132 1281 1211; x_wconf 82' lang='lat' dir='ltr'><strong>particulae</strong></span> <span class='ocrx_word' id='word_1_48' title='bbox 1303 1126 1370 1208; x_wconf 81' lang='grc' dir='ltr'><strong>πρίν</strong></span> 
     </span>
     <span class='ocr_line' id='line_1_7' title="bbox 242 1220 1369 1314; baseline -0.002 -20"><span class='ocrx_word' id='word_1_49' title='bbox 242 1235 380 1306; x_wconf 78' lang='lat' dir='ltr'><strong>addatur.</strong></span> <span class='ocrx_word' id='word_1_50' title='bbox 425 1231 506 1314; x_wconf 82' lang='grc' dir='ltr'><strong>Πρὶν</strong></span> <span class='ocrx_word' id='word_1_51' title='bbox 530 1226 571 1291; x_wconf 80' lang='grc' dir='ltr'><strong>ἄν</strong></span> <span class='ocrx_word' id='word_1_52' title='bbox 587 1235 680 1310; x_wconf 71' lang='lat' dir='ltr'><strong>,vulgo</strong></span> <span class='ocrx_word' id='word_1_53' title='bbox 704 1220 814 1310; x_wconf 83' lang='lat' dir='ltr'><strong>legitur</strong></span> <span class='ocrx_word' id='word_1_54' title='bbox 827 1245 828 1248; x_wconf 75' lang='grc'>’</span> <span class='ocrx_word' id='word_1_55' title='bbox 842 1236 873 1294; x_wconf 91' lang='lat' dir='ltr'><strong>in</strong></span> <span class='ocrx_word' id='word_1_56' title='bbox 897 1233 1012 1292; x_wconf 82' lang='lat' dir='ltr'><strong>Ethiois</strong></span> <span class='ocrx_word' id='word_1_57' title='bbox 1035 1227 1369 1296; x_wconf 80' lang='lat' dir='ltr'><strong>Nicomach.1156.b.</strong></span> 
     </span>
    </p>
   </div>
   <div class='ocr_carea' id='block_1_4' title="bbox 245 1327 1441 1412">
    <p class='ocr_par' dir='ltr' id='par_1_5' title="bbox 245 1327 1441 1412">
     <span class='ocr_line' id='line_1_8' title="bbox 245 1327 1441 1412; baseline -0.006 -12"><span class='ocrx_word' id='word_1_58' title='bbox 245 1335 296 1410; x_wconf 76' lang='lat'><strong>28,</strong></span> <span class='ocrx_word' id='word_1_59' title='bbox 314 1338 346 1397; x_wconf 88' lang='lat' dir='ltr'><strong>in</strong></span> <span class='ocrx_word' id='word_1_60' title='bbox 368 1333 453 1397; x_wconf 78' lang='lat' dir='ltr'><strong>libris</strong></span> <span class='ocrx_word' id='word_1_61' title='bbox 475 1336 513 1395; x_wconf 90' lang='lat' dir='ltr'><strong>de</strong></span> <span class='ocrx_word' id='word_1_62' title='bbox 536 1337 635 1395; x_wconf 83' lang='lat' dir='ltr'><strong>anima</strong></span> <span class='ocrx_word' id='word_1_63' title='bbox 656 1327 729 1396; x_wconf 71' lang='lat'><strong>429.</strong></span> <span class='ocrx_word' id='word_1_64' title='bbox 755 1335 783 1393; x_wconf 94' lang='lat' dir='ltr'><strong>b.</strong></span> <span class='ocrx_word' id='word_1_65' title='bbox 809 1332 858 1408; x_wconf 86' lang='lat'><strong>31,</strong></span> <span class='ocrx_word' id='word_1_66' title='bbox 882 1337 918 1406; x_wconf 74' lang='lat' dir='ltr'><strong>inv</strong></span> <span class='ocrx_word' id='word_1_67' title='bbox 934 1335 1073 1412; x_wconf 82' lang='lat' dir='ltr'><strong>Physicis</strong></span> <span class='ocrx_word' id='word_1_68' title='bbox 1094 1327 1164 1398; x_wconf 74' lang='lat'><strong>193.</strong></span> <span class='ocrx_word' id='word_1_69' title='bbox 1187 1333 1216 1394; x_wconf 88' lang='lat' dir='ltr'><strong>b.</strong></span> <span class='ocrx_word' id='word_1_70' title='bbox 1243 1335 1271 1408; x_wconf 91' lang='grc'><strong>1,</strong></span> <span class='ocrx_word' id='word_1_71' title='bbox 1307 1332 1371 1396; x_wconf 87' lang='grc'><strong>194.</strong></span> <span class='ocrx_word' id='word_1_72' title='bbox 1437 1345 1441 1352; x_wconf 86' lang='grc'><strong>“</strong></span> 
     </span>
    </p>
   </div>
   <div class='ocr_carea' id='block_1_5' title="bbox 160 1425 1380 2432">
    <p class='ocr_par' dir='ltr' id='par_1_6' title="bbox 160 1425 1380 2432">
     <span class='ocr_line' id='line_1_9' title="bbox 163 1425 1373 1516; baseline -0.002 -19"><span class='ocrx_word' id='word_1_73' title='bbox 163 1443 166 1448; x_wconf 69' lang='lat'>‘</span> <span class='ocrx_word' id='word_1_74' title='bbox 242 1438 272 1497; x_wconf 88' lang='lat' dir='ltr'><strong>b.</strong></span> <span class='ocrx_word' id='word_1_75' title='bbox 297 1425 337 1501; x_wconf 86' lang='grc'><strong>19</strong></span> <span class='ocrx_word' id='word_1_76' title='bbox 346 1439 356 1514; x_wconf 86' lang='lat'><strong>;&#39;</strong></span> <span class='ocrx_word' id='word_1_77' title='bbox 387 1437 459 1504; x_wconf 85' lang='grc'><strong>241.</strong></span> <span class='ocrx_word' id='word_1_78' title='bbox 482 1459 509 1498; x_wconf 87' lang='lat' dir='ltr'><strong>s.</strong></span> <span class='ocrx_word' id='word_1_79' title='bbox 537 1434 555 1498; x_wconf 82' lang='lat'>9</span> <span class='ocrx_word' id='word_1_80' title='bbox 579 1436 780 1513; x_wconf 87' lang='lat' dir='ltr'><strong>conjunctivus</strong></span> <span class='ocrx_word' id='word_1_81' title='bbox 803 1437 985 1516; x_wconf 91' lang='lat' dir='ltr'><strong>supplendus</strong></span> <span class='ocrx_word' id='word_1_82' title='bbox 1010 1432 1108 1514; x_wconf 82' lang='lat' dir='ltr'><strong>est*).</strong></span> <span class='ocrx_word' id='word_1_83' title='bbox 1152 1438 1190 1496; x_wconf 88' lang='lat' dir='ltr'><strong>Iu</strong></span> <span class='ocrx_word' id='word_1_84' title='bbox 1210 1435 1373 1498; x_wconf 85' lang='lat' dir='ltr'><strong>Rhetoricis</strong></span> 
     </span>
     <span class='ocr_line' id='line_1_10' title="bbox 247 1533 1374 1619; baseline -0.005 -20"><span class='ocrx_word' id='word_1_85' title='bbox 247 1549 277 1599; x_wconf 90' lang='lat' dir='ltr'><strong>et</strong></span> <span class='ocrx_word' id='word_1_86' title='bbox 299 1541 428 1600; x_wconf 85' lang='lat' dir='ltr'><strong>Poetiois</strong></span> <span class='ocrx_word' id='word_1_87' title='bbox 451 1535 525 1619; x_wconf 83' lang='grc' dir='ltr'><strong>πρίν</strong></span> <span class='ocrx_word' id='word_1_88' title='bbox 559 1557 624 1598; x_wconf 89' lang='lat' dir='ltr'><strong>cum</strong></span> <span class='ocrx_word' id='word_1_89' title='bbox 655 1538 840 1614; x_wconf 90' lang='lat' dir='ltr'><strong>conjunctivo</strong></span> <span class='ocrx_word' id='word_1_90' title='bbox 877 1559 936 1598; x_wconf 92' lang='lat' dir='ltr'><strong>non</strong></span> <span class='ocrx_word' id='word_1_91' title='bbox 967 1540 1125 1600; x_wconf 82' lang='lat' dir='ltr'><strong>invenitur.</strong></span> <span class='ocrx_word' id='word_1_92' title='bbox 1169 1539 1284 1598; x_wconf 79' lang='lat' dir='ltr'><strong>Contra</strong></span> <span class='ocrx_word' id='word_1_93' title='bbox 1306 1533 1374 1617; x_wconf 87' lang='grc' dir='ltr'><strong>πρὶν</strong></span> 
     </span>
     <span class='ocr_line' id='line_1_11' title="bbox 160 1637 1374 1720; baseline -0.002 -19"><span class='ocrx_word' id='word_1_94' title='bbox 160 1659 163 1668; x_wconf 84' lang='grc'><strong>“</strong></span> <span class='ocrx_word' id='word_1_95' title='bbox 246 1637 322 1717; x_wconf 56' lang='lat' dir='ltr'><strong>W)</strong></span> <span class='ocrx_word' id='word_1_96' title='bbox 347 1644 377 1703; x_wconf 88' lang='lat' dir='ltr'><strong>iu</strong></span> <span class='ocrx_word' id='word_1_97' title='bbox 398 1661 454 1702; x_wconf 92' lang='lat' dir='ltr'><strong>usu</strong></span> <span class='ocrx_word' id='word_1_98' title='bbox 484 1649 529 1700; x_wconf 91' lang='lat' dir='ltr'><strong>est</strong></span> <span class='ocrx_word' id='word_1_99' title='bbox 547 1641 579 1698; x_wconf 96' lang='lat' dir='ltr'><strong>in</strong></span> <span class='ocrx_word' id='word_1_100' title='bbox 599 1639 744 1700; x_wconf 81' lang='lat' dir='ltr'><strong>Politicis&#39;</strong></span> <span class='ocrx_word' id='word_1_101' title='bbox 758 1648 788 1698; x_wconf 91' lang='lat' dir='ltr'><strong>et</strong></span> <span class='ocrx_word' id='word_1_102' title='bbox 820 1641 1044 1720; x_wconf 74' lang='lat' dir='ltr'><strong>Metaphysicis</strong></span> <span class='ocrx_word' id='word_1_103' title='bbox 1079 1661 1109 1700; x_wconf 83' lang='lat' dir='ltr'><strong>v.</strong></span> <span class='ocrx_word' id='word_1_104' title='bbox 1132 1639 1199 1698; x_wconf 88' lang='lat' dir='ltr'><strong>Pol.</strong></span> <span class='ocrx_word' id='word_1_105' title='bbox 1226 1640 1320 1702; x_wconf 78' lang='lat'>1291.</span> <span class='ocrx_word' id='word_1_106' title='bbox 1351 1661 1374 1698; x_wconf 91' lang='lat' dir='ltr'><strong>a.</strong></span> 
     </span>
     <span class='ocr_line' id='line_1_12' title="bbox 245 1729 1375 1823; baseline -0.007 -17"><span class='ocrx_word' id='word_1_107' title='bbox 245 1741 301 1806; x_wconf 85' lang='lat'><strong>20:</strong></span> <span class='ocrx_word' id='word_1_108' title='bbox 335 1735 375 1801; x_wconf 77' lang='grc' dir='ltr'><strong>τέ</strong></span> <span class='ocrx_word' id='word_1_109' title='bbox 398 1738 431 1800; x_wconf 79' lang='grc' dir='ltr'><strong>δὲ</strong></span> <span class='ocrx_word' id='word_1_110' title='bbox 459 1740 682 1823; x_wconf 78' lang='grc' dir='ltr'><strong>προπολεμοῦν</strong></span> <span class='ocrx_word' id='word_1_111' title='bbox 716 1735 754 1798; x_wconf 77' lang='grc' dir='ltr'><strong>οὐ</strong></span> <span class='ocrx_word' id='word_1_112' title='bbox 774 1734 930 1820; x_wconf 80' lang='grc' dir='ltr'><strong>πρότερον</strong></span> <span class='ocrx_word' id='word_1_113' title='bbox 952 1735 1130 1799; x_wconf 76' lang='grc' dir='ltr'><strong>οἷποδέδωσι</strong></span> <span class='ocrx_word' id='word_1_114' title='bbox 1151 1736 1241 1820; x_wconf 80' lang='grc' dir='ltr'><strong>μέρος</strong></span> <span class='ocrx_word' id='word_1_115' title='bbox 1265 1729 1375 1822; x_wconf 75' lang='grc' dir='ltr'><strong>πρὶνῆ</strong></span> 
     </span>
     <span class='ocr_line' id='line_1_13' title="bbox 246 1835 1376 1934; baseline -0.002 -33"><span class='ocrx_word' id='word_1_116' title='bbox 246 1849 301 1915; x_wconf 75' lang='grc' dir='ltr'><strong>τῆς</strong></span> <span class='ocrx_word' id='word_1_117' title='bbox 322 1838 425 1926; x_wconf 69' lang='grc' dir='ltr'><strong>χώρας</strong></span> <span class='ocrx_word' id='word_1_118' title='bbox 449 1838 613 1922; x_wconf 76' lang='grc' dir='ltr'><strong>αὐξομένης</strong></span> <span class='ocrx_word' id='word_1_119' title='bbox 634 1839 688 1899; x_wconf 85' lang='grc' dir='ltr'><strong>καὶ</strong></span> <span class='ocrx_word' id='word_1_120' title='bbox 709 1835 764 1914; x_wconf 71' lang='grc' dir='ltr'><strong>τῆς</strong></span> <span class='ocrx_word' id='word_1_121' title='bbox 784 1849 851 1901; x_wconf 77' lang='grc' dir='ltr'><strong>των</strong></span> <span class='ocrx_word' id='word_1_122' title='bbox 874 1839 1012 1912; x_wconf 74' lang='grc' dir='ltr'><strong>πλησίον</strong></span> <span class='ocrx_word' id='word_1_123' title='bbox 1032 1837 1206 1934; x_wconf 78' lang='grc' dir='ltr'><strong>ἁπτομένης</strong></span> <span class='ocrx_word' id='word_1_124' title='bbox 1227 1844 1271 1914; x_wconf 84' lang='grc' dir='ltr'><strong>εἰς</strong></span> <span class='ocrx_word' id='word_1_125' title='bbox 1289 1836 1376 1901; x_wconf 79' lang='grc' dir='ltr'><strong>πόλε-</strong></span> 
     </span>
     <span class='ocr_line' id='line_1_14' title="bbox 247 1937 1377 2025; baseline -0.004 -20"><span class='ocrx_word' id='word_1_126' title='bbox 247 1967 308 2025; x_wconf 89' lang='grc' dir='ltr'><strong>μον</strong></span> <span class='ocrx_word' id='word_1_127' title='bbox 330 1950 550 2008; x_wconf 76' lang='grc' dir='ltr'><strong>καταστῶσιν.</strong></span> <span class='ocrx_word' id='word_1_128' title='bbox 574 1967 603 2006; x_wconf 82' lang='grc' dir='ltr'><strong>ν.</strong></span> <span class='ocrx_word' id='word_1_129' title='bbox 627 1942 719 2009; x_wconf 87' lang='grc'><strong>1336.</strong></span> <span class='ocrx_word' id='word_1_130' title='bbox 740 1946 769 2004; x_wconf 91' lang='lat' dir='ltr'><strong>b.</strong></span> <span class='ocrx_word' id='word_1_131' title='bbox 793 1945 850 2008; x_wconf 80' lang='lat'><strong>21:</strong></span> <span class='ocrx_word' id='word_1_132' title='bbox 881 1937 960 2014; x_wconf 69' lang='grc' dir='ltr'><strong>τοὺς</strong></span> <span class='ocrx_word' id='word_1_133' title='bbox 978 1940 1011 2001; x_wconf 79' lang='grc' dir='ltr'><strong>δὲ</strong></span> <span class='ocrx_word' id='word_1_134' title='bbox 1033 1940 1199 2025; x_wconf 76' lang='grc' dir='ltr'><strong>νεωτέρους</strong></span> <span class='ocrx_word' id='word_1_135' title='bbox 1219 1938 1290 2002; x_wconf 72' lang='grc' dir='ltr'><strong>οὔτ’</strong></span> <span class='ocrx_word' id='word_1_136' title='bbox 1312 1937 1377 2023; x_wconf 77' lang='grc' dir='ltr'><strong>ἰάμ-</strong></span> 
     </span>
     <span class='ocr_line' id='line_1_15' title="bbox 246 2035 1378 2127; baseline -0.003 -21"><span class='ocrx_word' id='word_1_137' title='bbox 246 2045 308 2124; x_wconf 83' lang='grc' dir='ltr'><strong>βων</strong></span> <span class='ocrx_word' id='word_1_138' title='bbox 331 2040 402 2107; x_wconf 75' lang='grc' dir='ltr'><strong>οὔτε</strong></span> <span class='ocrx_word' id='word_1_139' title='bbox 423 2043 582 2127; x_wconf 76' lang='grc' dir='ltr'><strong>κωμῳδίας</strong></span> <span class='ocrx_word' id='word_1_140' title='bbox 613 2038 737 2116; x_wconf 69' lang='grc' dir='ltr'><strong>θεατοὶς</strong></span> <span class='ocrx_word' id='word_1_141' title='bbox 767 2041 1001 2126; x_wconf 62' lang='grc' dir='ltr'><strong>νομοθετητέον</strong></span> <span class='ocrx_word' id='word_1_142' title='bbox 1033 2044 1109 2127; x_wconf 79' lang='grc' dir='ltr'><strong>πρὶν</strong></span> <span class='ocrx_word' id='word_1_143' title='bbox 1139 2035 1239 2115; x_wconf 63' lang='lat' dir='ltr'><strong>dctis}</strong></span> <span class='ocrx_word' id='word_1_144' title='bbox 1263 2043 1378 2116; x_wconf 78' lang='grc' dir='ltr'><strong>ἡλικίαν</strong></span> 
     </span>
     <span class='ocr_line' id='line_1_16' title="bbox 200 2136 1379 2228; baseline -0.001 -22"><span class='ocrx_word' id='word_1_145' title='bbox 200 2199 202 2206; x_wconf 63' lang='grc'><strong>.</strong></span> <span class='ocrx_word' id='word_1_146' title='bbox 244 2141 400 2227; x_wconf 75' lang='grc' dir='ltr'><strong>λάβωσιν.</strong></span> <span class='ocrx_word' id='word_1_147' title='bbox 446 2146 540 2211; x_wconf 89' lang='grc'><strong>1314.</strong></span> <span class='ocrx_word' id='word_1_148' title='bbox 565 2169 591 2211; x_wconf 82' lang='lat' dir='ltr'><strong>c.</strong></span> <span class='ocrx_word' id='word_1_149' title='bbox 630 2147 667 2210; x_wconf 88' lang='grc'><strong>18</strong></span> <span class='ocrx_word' id='word_1_150' title='bbox 704 2136 796 2208; x_wconf 82' lang='lat' dir='ltr'><strong>verba</strong></span> <span class='ocrx_word' id='word_1_151' title='bbox 829 2149 984 2226; x_wconf 85' lang='lat' dir='ltr'><strong>leguntur:</strong></span> <span class='ocrx_word' id='word_1_152' title='bbox 1022 2143 1059 2205; x_wconf 78' lang='grc' dir='ltr'><strong>οὐ</strong></span> <span class='ocrx_word' id='word_1_153' title='bbox 1084 2143 1289 2206; x_wconf 76' lang='grc' dir='ltr'><strong>καταλύεται</strong></span> <span class='ocrx_word' id='word_1_154' title='bbox 1323 2141 1379 2228; x_wconf 71' lang='grc' dir='ltr'><strong>γάρ</strong></span> 
     </span>
     <span class='ocr_line' id='line_1_17' title="bbox 190 2240 1379 2331; baseline 0.001 -23"><span class='ocrx_word' id='word_1_155' title='bbox 190 2241 207 2272; x_wconf 66' lang='grc'>”</span> <span class='ocrx_word' id='word_1_156' title='bbox 247 2243 404 2331; x_wconf 87' lang='grc' dir='ltr'><strong>πρότερον</strong></span> <span class='ocrx_word' id='word_1_157' title='bbox 431 2246 590 2330; x_wconf 39' lang='grc' dir='ltr'><strong>,τυραννὶς</strong></span> <span class='ocrx_word' id='word_1_158' title='bbox 631 2246 706 2330; x_wconf 86' lang='grc' dir='ltr'><strong>πρὶν</strong></span> <span class='ocrx_word' id='word_1_159' title='bbox 746 2240 763 2318; x_wconf 75' lang='grc' dir='ltr'>ἦ</span> <span class='ocrx_word' id='word_1_160' title='bbox 795 2245 1005 2326; x_wconf 70' lang='grc' dir='ltr'><strong>προτεέσουσί</strong></span> <span class='ocrx_word' id='word_1_161' title='bbox 1040 2270 1120 2320; x_wconf 85' lang='grc' dir='ltr'><strong>τινες</strong></span> <span class='ocrx_word' id='word_1_162' title='bbox 1152 2245 1286 2322; x_wconf 76' lang='grc' dir='ltr'><strong>αὐτοῖς,</strong></span> <span class='ocrx_word' id='word_1_163' title='bbox 1331 2250 1379 2309; x_wconf 87' lang='lat' dir='ltr'><strong>sed</strong></span> 
     </span>
     <span class='ocr_line' id='line_1_18' title="bbox 247 2347 1380 2432; baseline -0.001 -21"><span class='ocrx_word' id='word_1_164' title='bbox 247 2374 313 2412; x_wconf 91' lang='lat' dir='ltr'><strong>cum</strong></span> <span class='ocrx_word' id='word_1_165' title='bbox 352 2354 451 2413; x_wconf 87' lang='lat' dir='ltr'><strong>futuro</strong></span> <span class='ocrx_word' id='word_1_166' title='bbox 485 2359 553 2430; x_wconf 90' lang='lat' dir='ltr'><strong>post</strong></span> <span class='ocrx_word' id='word_1_167' title='bbox 572 2347 646 2430; x_wconf 73' lang='lat' dir='ltr'><strong>repis</strong></span> <span class='ocrx_word' id='word_1_168' title='bbox 668 2353 787 2410; x_wconf 89' lang='lat' dir='ltr'><strong>omnino</strong></span> <span class='ocrx_word' id='word_1_169' title='bbox 821 2353 901 2411; x_wconf 90' lang='lat' dir='ltr'><strong>locus</strong></span> <span class='ocrx_word' id='word_1_170' title='bbox 936 2374 995 2411; x_wconf 89' lang='lat' dir='ltr'><strong>non</strong></span> <span class='ocrx_word' id='word_1_171' title='bbox 1029 2354 1184 2432; x_wconf 81' lang='lat' dir='ltr'><strong>sitneque</strong></span> <span class='ocrx_word' id='word_1_172' title='bbox 1208 2352 1380 2412; x_wconf 86' lang='lat' dir='ltr'><strong>Schneideri</strong></span> 
     </span>
    </p>
   </div>
   <div class='ocr_carea' id='block_1_6' title="bbox 188 2445 1462 2738">
    <p class='ocr_par' dir='ltr' id='par_1_7' title="bbox 188 2445 1462 2738">
     <span class='ocr_line' id='line_1_19' title="bbox 200 2445 1462 2546; baseline -0.001 -32"><span class='ocrx_word' id='word_1_173' title='bbox 200 2539 205 2546; x_wconf 33' lang='grc'><strong><em>.</em></strong></span> <span class='ocrx_word' id='word_1_174' title='bbox 249 2457 418 2532; x_wconf 84' lang='lat' dir='ltr'><strong>conjectura</strong></span> <span class='ocrx_word' id='word_1_175' title='bbox 438 2445 628 2524; x_wconf 70' lang='grc' dir='ltr'><strong>πιστεέοοσρ</strong></span> <span class='ocrx_word' id='word_1_176' title='bbox 650 2453 782 2532; x_wconf 85' lang='lat' dir='ltr'><strong>placeat,</strong></span> <span class='ocrx_word' id='word_1_177' title='bbox 820 2475 878 2512; x_wconf 91' lang='lat' dir='ltr'><strong>non</strong></span> <span class='ocrx_word' id='word_1_178' title='bbox 902 2453 1004 2514; x_wconf 88' lang='lat' dir='ltr'><strong>dubito</strong></span> <span class='ocrx_word' id='word_1_179' title='bbox 1028 2455 1099 2534; x_wconf 89' lang='lat' dir='ltr'><strong>quin</strong></span> <span class='ocrx_word' id='word_1_180' title='bbox 1120 2446 1322 2512; x_wconf 72' lang='lat' dir='ltr'><strong>nsocsdosocc</strong></span> <span class='ocrx_word' id='word_1_181' title='bbox 1341 2456 1380 2512; x_wconf 90' lang='lat' dir='ltr'><strong>le·</strong></span> <span class='ocrx_word' id='word_1_182' title='bbox 1461 2496 1462 2513; x_wconf 75' lang='grc'><strong>.</strong></span> 
     </span>
     <span class='ocr_line' id='line_1_20' title="bbox 188 2547 1462 2641; baseline -0.001 -26"><span class='ocrx_word' id='word_1_183' title='bbox 188 2633 190 2641; x_wconf 33' lang='grc' dir='ltr'>Ι</span> <span class='ocrx_word' id='word_1_184' title='bbox 247 2555 380 2634; x_wconf 81' lang='lat' dir='ltr'><strong>gendum</strong></span> <span class='ocrx_word' id='word_1_185' title='bbox 415 2557 462 2617; x_wconf 83' lang='lat' dir='ltr'><strong>sit.</strong></span> <span class='ocrx_word' id='word_1_186' title='bbox 507 2557 543 2614; x_wconf 92' lang='lat' dir='ltr'><strong>In</strong></span> <span class='ocrx_word' id='word_1_187' title='bbox 561 2556 780 2635; x_wconf 86' lang='lat' dir='ltr'><strong>Metuphysicis</strong></span> <span class='ocrx_word' id='word_1_188' title='bbox 801 2553 878 2636; x_wconf 79' lang='grc' dir='ltr'><strong>πρὶν</strong></span> <span class='ocrx_word' id='word_1_189' title='bbox 912 2547 928 2625; x_wconf 77' lang='grc' dir='ltr'><em>ἥ</em></span> <span class='ocrx_word' id='word_1_190' title='bbox 965 2556 1122 2616; x_wconf 81' lang='lat' dir='ltr'><strong>adhibetur</strong></span> <span class='ocrx_word' id='word_1_191' title='bbox 1155 2554 1250 2618; x_wconf 78' lang='lat'>1040.</span> <span class='ocrx_word' id='word_1_192' title='bbox 1289 2554 1381 2635; x_wconf 73' lang='lat' dir='ltr'><strong>us:</strong></span> <span class='ocrx_word' id='word_1_193' title='bbox 1461 2578 1462 2591; x_wconf 57' lang='lat'>¹</span> 
     </span>
     <span class='ocr_line' id='line_1_21' title="bbox 228 2648 1462 2738; baseline 0.002 -25"><span class='ocrx_word' id='word_1_194' title='bbox 228 2649 344 2714; x_wconf 61' lang='lat' dir='ltr'><strong>&#39;obsta</strong></span> <span class='ocrx_word' id='word_1_195' title='bbox 369 2649 430 2737; x_wconf 70' lang='grc' dir='ltr'><strong>γὰρ</strong></span> <span class='ocrx_word' id='word_1_196' title='bbox 449 2648 561 2716; x_wconf 70' lang='grc' dir='ltr'><strong>αὐτῶν</strong></span> <span class='ocrx_word' id='word_1_197' title='bbox 582 2651 616 2714; x_wconf 78' lang='grc' dir='ltr'><strong>έν</strong></span> <span class='ocrx_word' id='word_1_198' title='bbox 635 2655 730 2732; x_wconf 58' lang='grc' dir='ltr'><strong>ἐστιν,</strong></span> <span class='ocrx_word' id='word_1_199' title='bbox 762 2649 831 2715; x_wconf 75' lang='grc' dir='ltr'><strong>ἀλλ’</strong></span> <span class='ocrx_word' id='word_1_200' title='bbox 855 2653 924 2715; x_wconf 80' lang='grc' dir='ltr'><strong>οἷον</strong></span> <span class='ocrx_word' id='word_1_201' title='bbox 945 2663 1043 2737; x_wconf 79' lang='grc' dir='ltr'><strong>σωρος</strong></span> <span class='ocrx_word' id='word_1_202' title='bbox 1065 2655 1122 2738; x_wconf 83' lang='lat' dir='ltr'><strong>(ita</strong></span> <span class='ocrx_word' id='word_1_203' title='bbox 1141 2659 1298 2718; x_wconf 84' lang='lat' dir='ltr'><strong>Bonitzius</strong></span> <span class='ocrx_word' id='word_1_204' title='bbox 1321 2677 1381 2717; x_wconf 89' lang='lat' dir='ltr'><strong>cum</strong></span> <span class='ocrx_word' id='word_1_205' title='bbox 1461 2669 1462 2678; x_wconf 54' lang='lat'><strong>³</strong></span> 
     </span>
    </p>
   </div>
   <div class='ocr_carea' id='block_1_7' title="bbox 174 2748 1385 3553">
    <p class='ocr_par' dir='ltr' id='par_1_8' title="bbox 174 2748 1385 3553">
     <span class='ocr_line' id='line_1_22' title="bbox 180 2748 1381 2841; baseline -0.001 -23"><span class='ocrx_word' id='word_1_206' title='bbox 180 2831 184 2841; x_wconf 66' lang='lat'>,</span> <span class='ocrx_word' id='word_1_207' title='bbox 251 2760 326 2833; x_wconf 78' lang='lat' dir='ltr'><strong>aliis,</strong></span> <span class='ocrx_word' id='word_1_208' title='bbox 348 2759 524 2819; x_wconf 79' lang='lat' dir='ltr'><strong>Brundisius</strong></span> <span class='ocrx_word' id='word_1_209' title='bbox 555 2753 760 2819; x_wconf 50' lang='lat' dir='ltr'><strong>et&#39;Bckkerus</strong></span> <span class='ocrx_word' id='word_1_210' title='bbox 783 2755 799 2815; x_wconf 90' lang='grc' dir='ltr'>ὁ</span> <span class='ocrx_word' id='word_1_211' title='bbox 823 2751 922 2840; x_wconf 79' lang='grc' dir='ltr'><strong>ὄρρος)</strong></span> <span class='ocrx_word' id='word_1_212' title='bbox 944 2757 1019 2838; x_wconf 87' lang='grc' dir='ltr'><strong>πρὶν</strong></span> <span class='ocrx_word' id='word_1_213' title='bbox 1043 2748 1060 2829; x_wconf 73' lang='grc' dir='ltr'>ἢ</span> <span class='ocrx_word' id='word_1_214' title='bbox 1081 2759 1192 2839; x_wconf 59' lang='grc' dir='ltr'><strong>πεφθῇ</strong></span> <span class='ocrx_word' id='word_1_215' title='bbox 1218 2757 1277 2816; x_wconf 84' lang='grc' dir='ltr'><strong>καὶ</strong></span> <span class='ocrx_word' id='word_1_216' title='bbox 1300 2755 1381 2838; x_wconf 77' lang='grc' dir='ltr'><strong>γένη-</strong></span> 
     </span>
     <span class='ocr_line' id='line_1_23' title="bbox 174 2853 1382 2940; baseline 0.002 -23"><span class='ocrx_word' id='word_1_217' title='bbox 174 2893 176 2898; x_wconf 89' lang='grc'><strong><em>·</em></strong></span> <span class='ocrx_word' id='word_1_218' title='bbox 247 2856 306 2918; x_wconf 80' lang='grc' dir='ltr'><strong>ταί</strong></span> <span class='ocrx_word' id='word_1_219' title='bbox 327 2881 361 2917; x_wconf 88' lang='grc' dir='ltr'><strong>τι</strong></span> <span class='ocrx_word' id='word_1_220' title='bbox 382 2857 413 2930; x_wconf 81' lang='grc' dir='ltr'><strong>ἐξ</strong></span> <span class='ocrx_word' id='word_1_221' title='bbox 435 2853 547 2918; x_wconf 76' lang='grc' dir='ltr'><strong>αὐτων</strong></span> <span class='ocrx_word' id='word_1_222' title='bbox 568 2855 620 2931; x_wconf 69' lang='grc' dir='ltr'><strong>έν,</strong></span> <span class='ocrx_word' id='word_1_223' title='bbox 655 2861 707 2920; x_wconf 89' lang='lat' dir='ltr'><strong>ubi</strong></span> <span class='ocrx_word' id='word_1_224' title='bbox 729 2863 967 2939; x_wconf 67' lang='lat' dir='ltr'><strong>ut‘intelligatur</strong></span> <span class='ocrx_word' id='word_1_225' title='bbox 991 2881 1131 2940; x_wconf 89' lang='lat' dir='ltr'><strong>quorsum</strong></span> <span class='ocrx_word' id='word_1_226' title='bbox 1163 2858 1241 2940; x_wconf 84' lang='grc' dir='ltr'><strong>πρὶν</strong></span> <span class='ocrx_word' id='word_1_227' title='bbox 1272 2854 1382 2931; x_wconf 71' lang='lat' dir='ltr'><strong>drosc-</strong></span> 
     </span>
     <span class='ocr_line' id='line_1_24' title="bbox 250 2955 1384 3043; baseline 0.002 -23"><span class='ocrx_word' id='word_1_228' title='bbox 250 2955 373 3021; x_wconf 89' lang='lat' dir='ltr'><strong>rendum</strong></span> <span class='ocrx_word' id='word_1_229' title='bbox 389 2964 436 3035; x_wconf 85' lang='lat' dir='ltr'><strong>sit,</strong></span> <span class='ocrx_word' id='word_1_230' title='bbox 462 2972 530 3042; x_wconf 88' lang='lat' dir='ltr'><strong>post</strong></span> <span class='ocrx_word' id='word_1_231' title='bbox 549 2963 673 3023; x_wconf 87' lang='lat' dir='ltr'><strong>verbnm</strong></span> <span class='ocrx_word' id='word_1_232' title='bbox 692 2969 791 3041; x_wconf 80' lang='grc' dir='ltr'><strong>σωρος</strong></span> <span class='ocrx_word' id='word_1_233' title='bbox 810 2964 1080 3043; x_wconf 85' lang='lat' dir='ltr'><strong>interpungendum</strong></span> <span class='ocrx_word' id='word_1_234' title='bbox 1101 2972 1154 3024; x_wconf 90' lang='lat' dir='ltr'><strong>est.</strong></span> <span class='ocrx_word' id='word_1_235' title='bbox 1178 2963 1274 3042; x_wconf 81' lang='lat' dir='ltr'><strong>Apud</strong></span> <span class='ocrx_word' id='word_1_236' title='bbox 1291 2963 1384 3024; x_wconf 82' lang='lat' dir='ltr'><strong>Theo-</strong></span> 
     </span>
     <span class='ocr_line' id='line_1_25' title="bbox 178 3056 1383 3146; baseline 0.002 -24"><span class='ocrx_word' id='word_1_237' title='bbox 178 3065 180 3075; x_wconf 84' lang='lat'>&#39;</span> <span class='ocrx_word' id='word_1_238' title='bbox 249 3061 400 3144; x_wconf 78' lang='lat' dir='ltr'><strong>phrastnm</strong></span> <span class='ocrx_word' id='word_1_239' title='bbox 421 3061 497 3143; x_wconf 82' lang='grc' dir='ltr'><strong>πρὶν</strong></span> <span class='ocrx_word' id='word_1_240' title='bbox 520 3056 537 3133; x_wconf 74' lang='grc' dir='ltr'>ἦ</span> <span class='ocrx_word' id='word_1_241' title='bbox 572 3066 603 3122; x_wconf 91' lang='lat' dir='ltr'><strong>in</strong></span> <span class='ocrx_word' id='word_1_242' title='bbox 636 3065 760 3125; x_wconf 87' lang='lat' dir='ltr'><strong>historia</strong></span> <span class='ocrx_word' id='word_1_243' title='bbox 789 3067 955 3145; x_wconf 85' lang='lat' dir='ltr'><strong>plantarum</strong></span> <span class='ocrx_word' id='word_1_244' title='bbox 990 3067 1110 3146; x_wconf 86' lang='lat' dir='ltr'><strong>quidem</strong></span> <span class='ocrx_word' id='word_1_245' title='bbox 1136 3086 1196 3126; x_wconf 88' lang='lat' dir='ltr'><strong>non</strong></span> <span class='ocrx_word' id='word_1_246' title='bbox 1217 3062 1383 3136; x_wconf 61' lang='lat' dir='ltr'><strong>insonitum</strong></span> 
     </span>
     <span class='ocr_line' id='line_1_26' title="bbox 248 3165 1383 3244; baseline 0.002 -22"><span class='ocrx_word' id='word_1_247' title='bbox 248 3165 468 3244; x_wconf 80' lang='lat' dir='ltr'><strong>paragraphum</strong></span> <span class='ocrx_word' id='word_1_248' title='bbox 484 3167 563 3225; x_wconf 89' lang='lat' dir='ltr'><strong>enim</strong></span> <span class='ocrx_word' id='word_1_249' title='bbox 577 3167 601 3240; x_wconf 90' lang='grc' dir='ltr'><strong>Ι,</strong></span> <span class='ocrx_word' id='word_1_250' title='bbox 617 3168 647 3232; x_wconf 88' lang='grc'><strong>6.</strong></span> <span class='ocrx_word' id='word_1_251' title='bbox 666 3165 714 3240; x_wconf 81' lang='grc'><strong>13,</strong></span> <span class='ocrx_word' id='word_1_252' title='bbox 736 3169 787 3228; x_wconf 91' lang='lat' dir='ltr'><strong>ubi</strong></span> <span class='ocrx_word' id='word_1_253' title='bbox 801 3169 919 3244; x_wconf 85' lang='lat' dir='ltr'><strong>legitur,</strong></span> <span class='ocrx_word' id='word_1_254' title='bbox 939 3190 957 3228; x_wconf 88' lang='lat' dir='ltr'><strong>a</strong></span> <span class='ocrx_word' id='word_1_255' title='bbox 973 3168 1153 3229; x_wconf 88' lang='lat' dir='ltr'><strong>Schneidero</strong></span> <span class='ocrx_word' id='word_1_256' title='bbox 1172 3188 1212 3226; x_wconf 88' lang='lat' dir='ltr'><strong>ex</strong></span> <span class='ocrx_word' id='word_1_257' title='bbox 1225 3168 1383 3228; x_wconf 85' lang='lat' dir='ltr'><strong>Athenaeo</strong></span> 
     </span>
     <span class='ocr_line' id='line_1_27' title="bbox 252 3267 1384 3358; baseline 0.002 -35"><span class='ocrx_word' id='word_1_258' title='bbox 252 3267 284 3324; x_wconf 93' lang='lat' dir='ltr'><strong>in</strong></span> <span class='ocrx_word' id='word_1_259' title='bbox 298 3275 574 3348; x_wconf 85' lang='lat' dir='ltr'><strong>textumreceptam</strong></span> <span class='ocrx_word' id='word_1_260' title='bbox 590 3270 778 3358; x_wconf 75' lang='lat' dir='ltr'><strong>Wimmerus‚</strong></span> <span class='ocrx_word' id='word_1_261' title='bbox 800 3269 974 3350; x_wconf 73' lang='lat' dir='ltr'><strong>quijoptime</strong></span> <span class='ocrx_word' id='word_1_262' title='bbox 987 3271 1025 3331; x_wconf 89' lang='lat' dir='ltr'><strong>de</strong></span> <span class='ocrx_word' id='word_1_263' title='bbox 1044 3269 1254 3349; x_wconf 82' lang='lat' dir='ltr'><strong>Theophrasto</strong></span> <span class='ocrx_word' id='word_1_264' title='bbox 1271 3271 1384 3340; x_wconf 86' lang='lat' dir='ltr'><strong>meruit,</strong></span> 
     </span>
     <span class='ocr_line' id='line_1_28' title="bbox 249 3369 1385 3452; baseline 0.003 -26"><span class='ocrx_word' id='word_1_265' title='bbox 249 3369 282 3428; x_wconf 90' lang='lat' dir='ltr'><strong>in</strong></span> <span class='ocrx_word' id='word_1_266' title='bbox 316 3371 512 3449; x_wconf 86' lang='lat' dir='ltr'><strong>suspicionem</strong></span> <span class='ocrx_word' id='word_1_267' title='bbox 535 3373 653 3432; x_wconf 85' lang='lat' dir='ltr'><strong>vocavit</strong></span> <span class='ocrx_word' id='word_1_268' title='bbox 675 3371 716 3447; x_wconf 86' lang='lat' dir='ltr'><strong>(v.</strong></span> <span class='ocrx_word' id='word_1_269' title='bbox 739 3371 933 3432; x_wconf 85' lang='lat' dir='ltr'><strong>Wimrnerum</strong></span> <span class='ocrx_word' id='word_1_270' title='bbox 957 3372 995 3432; x_wconf 89' lang='lat' dir='ltr'><strong>ad</strong></span> <span class='ocrx_word' id='word_1_271' title='bbox 1016 3373 1045 3435; x_wconf 92' lang='lat' dir='ltr'><strong>h.</strong></span> <span class='ocrx_word' id='word_1_272' title='bbox 1068 3372 1102 3445; x_wconf 83' lang='lat' dir='ltr'><strong>l.)</strong></span> <span class='ocrx_word' id='word_1_273' title='bbox 1124 3379 1214 3449; x_wconf 84' lang='lat' dir='ltr'><strong>atque</strong></span> <span class='ocrx_word' id='word_1_274' title='bbox 1246 3373 1301 3431; x_wconf 89' lang='lat' dir='ltr'><strong>ille</strong></span> <span class='ocrx_word' id='word_1_275' title='bbox 1324 3374 1385 3452; x_wconf 85' lang='lat' dir='ltr'><strong>ipse</strong></span> 
     </span>
     <span class='ocr_line' id='line_1_29' title="bbox 248 3466 1384 3553; baseline 0.001 -23"><span class='ocrx_word' id='word_1_276' title='bbox 248 3472 458 3551; x_wconf 73' lang='lat' dir='ltr'><strong>particularum</strong></span> <span class='ocrx_word' id='word_1_277' title='bbox 478 3470 554 3553; x_wconf 84' lang='grc' dir='ltr'><strong>πρὶν</strong></span> <span class='ocrx_word' id='word_1_278' title='bbox 574 3466 592 3544; x_wconf 74' lang='lat' dir='ltr'><strong>ii</strong></span> <span class='ocrx_word' id='word_1_279' title='bbox 615 3493 695 3548; x_wconf 86' lang='lat' dir='ltr'><strong>usus,</strong></span> <span class='ocrx_word' id='word_1_280' title='bbox 716 3476 767 3553; x_wconf 89' lang='lat' dir='ltr'><strong>qui</strong></span> <span class='ocrx_word' id='word_1_281' title='bbox 782 3474 901 3535; x_wconf 87' lang='lat' dir='ltr'><strong>videtur</strong></span> <span class='ocrx_word' id='word_1_282' title='bbox 914 3496 932 3534; x_wconf 90' lang='lat' dir='ltr'><strong>a</strong></span> <span class='ocrx_word' id='word_1_283' title='bbox 946 3473 1155 3553; x_wconf 82' lang='lat' dir='ltr'><strong>Theophrasto</strong></span> <span class='ocrx_word' id='word_1_284' title='bbox 1176 3473 1295 3533; x_wconf 79' lang='lat' dir='ltr'><strong>alienus</strong></span> <span class='ocrx_word' id='word_1_285' title='bbox 1311 3493 1384 3548; x_wconf 87' lang='lat' dir='ltr'><strong>esse,</strong></span> 
     </span>
    </p>
   </div>
   <div class='ocr_carea' id='block_1_8' title="bbox 255 3622 459 3644">
    <p class='ocr_par' dir='ltr' id='par_1_9' title="bbox 255 3622 459 3644">
     <span class='ocr_line' id='line_1_30' title="bbox 255 3622 459 3644; baseline 0 -6"><span class='ocrx_word' id='word_1_286' title='bbox 255 3622 459 3644; x_wconf 66' lang='lat' dir='ltr'><strong>..-.-s-———-</strong></span> 
     </span>
    </p>
   </div>
   <div class='ocr_carea' id='block_1_9' title="bbox 319 3699 1385 3773">
    <p class='ocr_par' dir='ltr' id='par_1_10' title="bbox 319 3699 1385 3773">
     <span class='ocr_line' id='line_1_31' title="bbox 319 3699 1385 3773; baseline -0.002 -15"><span class='ocrx_word' id='word_1_287' title='bbox 319 3709 344 3773; x_wconf 89' lang='grc'><strong>*)</strong></span> <span class='ocrx_word' id='word_1_288' title='bbox 364 3707 446 3760; x_wconf 86' lang='lat' dir='ltr'><strong>verbo</strong></span> <span class='ocrx_word' id='word_1_289' title='bbox 468 3707 624 3759; x_wconf 90' lang='lat' dir='ltr'><strong>mouendum</strong></span> <span class='ocrx_word' id='word_1_290' title='bbox 645 3712 692 3770; x_wconf 81' lang='lat' dir='ltr'><strong>cst,</strong></span> <span class='ocrx_word' id='word_1_291' title='bbox 710 3709 844 3760; x_wconf 83' lang='lat' dir='ltr'><strong>nonnullis</strong></span> <span class='ocrx_word' id='word_1_292' title='bbox 862 3708 929 3758; x_wconf 91' lang='lat' dir='ltr'><strong>locis</strong></span> <span class='ocrx_word' id='word_1_293' title='bbox 949 3699 1031 3757; x_wconf 70' lang='lat' dir='ltr'><strong>atain</strong></span> <span class='ocrx_word' id='word_1_294' title='bbox 1050 3708 1156 3772; x_wconf 88' lang='lat' dir='ltr'><strong>optimis</strong></span> <span class='ocrx_word' id='word_1_295' title='bbox 1174 3706 1314 3765; x_wconf 85' lang='lat' dir='ltr'><strong>codicibus</strong></span> <span class='ocrx_word' id='word_1_296' title='bbox 1335 3724 1385 3758; x_wconf 90' lang='lat' dir='ltr'><strong>non</strong></span> 
     </span>
    </p>
   </div>
   <div class='ocr_carea' id='block_1_10' title="bbox 249 3791 1461 3866">
    <p class='ocr_par' dir='ltr' id='par_1_11' title="bbox 249 3791 1461 3866">
     <span class='ocr_line' id='line_1_32' title="bbox 249 3791 1461 3866; baseline 0.001 -23"><span class='ocrx_word' id='word_1_297' title='bbox 249 3795 342 3858; x_wconf 86' lang='lat' dir='ltr'><strong>inesse,</strong></span> <span class='ocrx_word' id='word_1_298' title='bbox 369 3795 416 3846; x_wconf 86' lang='lat' dir='ltr'><strong>sed</strong></span> <span class='ocrx_word' id='word_1_299' title='bbox 445 3809 505 3845; x_wconf 90' lang='lat' dir='ltr'><strong>cum</strong></span> <span class='ocrx_word' id='word_1_300' title='bbox 523 3798 584 3859; x_wconf 89' lang='lat' dir='ltr'><strong>post</strong></span> <span class='ocrx_word' id='word_1_301' title='bbox 604 3809 630 3844; x_wconf 81' lang='lat' dir='ltr'><strong>v.</strong></span> <span class='ocrx_word' id='word_1_302' title='bbox 648 3791 709 3866; x_wconf 77' lang='grc' dir='ltr'><strong>πρίν</strong></span> <span class='ocrx_word' id='word_1_303' title='bbox 729 3793 855 3845; x_wconf 74' lang='lat' dir='ltr'><strong>facillime</strong></span> <span class='ocrx_word' id='word_1_304' title='bbox 875 3809 891 3842; x_wconf 85' lang='lat' dir='ltr'><strong>u</strong></span> <span class='ocrx_word' id='word_1_305' title='bbox 908 3791 1025 3843; x_wconf 82' lang='lat' dir='ltr'><strong>librariis</strong></span> <span class='ocrx_word' id='word_1_306' title='bbox 1043 3793 1131 3844; x_wconf 86' lang='lat' dir='ltr'><strong>omitti</strong></span> <span class='ocrx_word' id='word_1_307' title='bbox 1149 3795 1274 3860; x_wconf 84' lang='lat' dir='ltr'><strong>potuerit,</strong></span> <span class='ocrx_word' id='word_1_308' title='bbox 1304 3794 1384 3845; x_wconf 84' lang='lat' dir='ltr'><strong>edito·</strong></span> <span class='ocrx_word' id='word_1_309' title='bbox 1460 3807 1461 3814; x_wconf 56' lang='lat'>¹</span> 
     </span>
    </p>
   </div>
   <div class='ocr_carea' id='block_1_11' title="bbox 105 3869 1461 4039">
    <p class='ocr_par' dir='ltr' id='par_1_12' title="bbox 105 3869 1461 4039">
     <span class='ocr_line' id='line_1_33' title="bbox 105 3869 1337 3946; baseline -0.003 -13"><span class='ocrx_word' id='word_1_310' title='bbox 105 3881 107 3884; x_wconf 77' lang='grc'><strong>’</strong></span> <span class='ocrx_word' id='word_1_311' title='bbox 134 3895 135 3902; x_wconf 72' lang='grc'>’</span> <span class='ocrx_word' id='word_1_312' title='bbox 250 3881 326 3932; x_wconf 79' lang='lat' dir='ltr'><strong>ribus</strong></span> <span class='ocrx_word' id='word_1_313' title='bbox 346 3869 540 3932; x_wconf 85' lang='lat' dir='ltr'><strong>assentiendum</strong></span> <span class='ocrx_word' id='word_1_314' title='bbox 559 3893 616 3929; x_wconf 87' lang='lat' dir='ltr'><strong>esse</strong></span> <span class='ocrx_word' id='word_1_315' title='bbox 633 3881 707 3943; x_wconf 85' lang='lat' dir='ltr'><strong>puto,</strong></span> <span class='ocrx_word' id='word_1_316' title='bbox 726 3881 772 3944; x_wconf 89' lang='lat' dir='ltr'><strong>qui</strong></span> <span class='ocrx_word' id='word_1_317' title='bbox 796 3873 832 3930; x_wconf 78' lang='grc' dir='ltr'><strong>ἄν</strong></span> <span class='ocrx_word' id='word_1_318' title='bbox 851 3894 883 3929; x_wconf 88' lang='lat' dir='ltr'><strong>cx</strong></span> <span class='ocrx_word' id='word_1_319' title='bbox 902 3879 998 3928; x_wconf 88' lang='lat' dir='ltr'><strong>ceteris</strong></span> <span class='ocrx_word' id='word_1_320' title='bbox 1015 3877 1152 3929; x_wconf 85' lang='lat' dir='ltr'><strong>codicibus</strong></span> <span class='ocrx_word' id='word_1_321' title='bbox 1168 3885 1337 3946; x_wconf 83' lang='lat' dir='ltr'><strong>receperunt.</strong></span> 
     </span>
     <span class='ocr_line' id='line_1_34' title="bbox 182 3957 1461 4039; baseline -0.002 -23"><span class='ocrx_word' id='word_1_322' title='bbox 182 3959 184 3964; x_wconf 70' lang='grc'><strong>’</strong></span> <span class='ocrx_word' id='word_1_323' title='bbox 221 3957 223 3961; x_wconf 62' lang='grc'><strong>’</strong></span> <span class='ocrx_word' id='word_1_324' title='bbox 307 3965 347 4027; x_wconf 85' lang='grc'><strong>**)</strong></span> <span class='ocrx_word' id='word_1_325' title='bbox 367 3965 430 4039; x_wconf 79' lang='grc' dir='ltr'><strong>πρὶν</strong></span> <span class='ocrx_word' id='word_1_326' title='bbox 457 3958 476 4026; x_wconf 79' lang='grc' dir='ltr'><em>ἦ</em></span> <span class='ocrx_word' id='word_1_327' title='bbox 503 3979 562 4014; x_wconf 88' lang='lat' dir='ltr'><strong>cnm</strong></span> <span class='ocrx_word' id='word_1_328' title='bbox 591 3963 760 4030; x_wconf 82' lang='lat' dir='ltr'><strong>conjunctivo</strong></span> <span class='ocrx_word' id='word_1_329' title='bbox 790 3964 924 4015; x_wconf 84' lang='lat' dir='ltr'><strong>invenitur</strong></span> <span class='ocrx_word' id='word_1_330' title='bbox 953 3963 1032 4013; x_wconf 84' lang='lat' dir='ltr'><strong>etiam</strong></span> <span class='ocrx_word' id='word_1_331' title='bbox 1062 3963 1132 4030; x_wconf 84' lang='lat' dir='ltr'><strong>apud</strong></span> <span class='ocrx_word' id='word_1_332' title='bbox 1156 3965 1327 4020; x_wconf 78' lang='lat' dir='ltr'><strong>Herodotum</strong></span> <span class='ocrx_word' id='word_1_333' title='bbox 1355 3966 1385 4014; x_wconf 81' lang='lat' dir='ltr'><strong>oi.</strong></span> <span class='ocrx_word' id='word_1_334' title='bbox 1460 3959 1461 3984; x_wconf 63' lang='lat'>¹</span> 
     </span>
    </p>
   </div>
   <div class='ocr_carea' id='block_1_12' title="bbox 250 4045 1386 4372">
    <p class='ocr_par' dir='ltr' id='par_1_13' title="bbox 250 4045 1386 4372">
     <span class='ocr_line' id='line_1_35' title="bbox 250 4045 1385 4117; baseline -0.002 -16"><span class='ocrx_word' id='word_1_335' title='bbox 250 4050 398 4105; x_wconf 83' lang='lat' dir='ltr'><strong>Bttumlein.</strong></span> <span class='ocrx_word' id='word_1_336' title='bbox 426 4047 665 4114; x_wconf 81' lang='lat' dir='ltr'><strong>Untsrsuobungen</strong></span> <span class='ocrx_word' id='word_1_337' title='bbox 694 4049 760 4100; x_wconf 82' lang='lat' dir='ltr'><strong>iiber</strong></span> <span class='ocrx_word' id='word_1_338' title='bbox 788 4050 831 4100; x_wconf 90' lang='lat' dir='ltr'><strong>die</strong></span> <span class='ocrx_word' id='word_1_339' title='bbox 858 4048 958 4115; x_wconf 80' lang='lat' dir='ltr'><strong>griech.</strong></span> <span class='ocrx_word' id='word_1_340' title='bbox 988 4045 1061 4100; x_wconf 86' lang='lat' dir='ltr'><strong>Modi</strong></span> <span class='ocrx_word' id='word_1_341' title='bbox 1092 4066 1152 4116; x_wconf 78' lang='lat' dir='ltr'><strong>pag.</strong></span> <span class='ocrx_word' id='word_1_342' title='bbox 1173 4052 1234 4114; x_wconf 75' lang='lat'><strong>240,</strong></span> <span class='ocrx_word' id='word_1_343' title='bbox 1269 4053 1385 4117; x_wconf 81' lang='lat' dir='ltr'><strong>Kriigsr.</strong></span> 
     </span>
     <span class='ocr_line' id='line_1_36' title="bbox 252 4134 1386 4202; baseline 0 -16"><span class='ocrx_word' id='word_1_344' title='bbox 252 4134 423 4186; x_wconf 78' lang='lat' dir='ltr'><strong>Grieohisohc</strong></span> <span class='ocrx_word' id='word_1_345' title='bbox 441 4134 614 4202; x_wconf 79' lang='lat' dir='ltr'><strong>Sprachlehre</strong></span> <span class='ocrx_word' id='word_1_346' title='bbox 631 4135 666 4197; x_wconf 86' lang='lat'><strong>11,</strong></span> <span class='ocrx_word' id='word_1_347' title='bbox 686 4136 727 4186; x_wconf 84' lang='lat'><strong>54.</strong></span> <span class='ocrx_word' id='word_1_348' title='bbox 751 4139 790 4187; x_wconf 82' lang='grc'><strong>17.</strong></span> <span class='ocrx_word' id='word_1_349' title='bbox 809 4139 833 4187; x_wconf 90' lang='grc'><strong>9.</strong></span> <span class='ocrx_word' id='word_1_350' title='bbox 852 4140 930 4199; x_wconf 82' lang='lat' dir='ltr'><strong>atque</strong></span> <span class='ocrx_word' id='word_1_351' title='bbox 948 4134 1018 4201; x_wconf 84' lang='lat' dir='ltr'><strong>apud</strong></span> <span class='ocrx_word' id='word_1_352' title='bbox 1038 4135 1183 4201; x_wconf 89' lang='lat' dir='ltr'><strong>scriptores</strong></span> <span class='ocrx_word' id='word_1_353' title='bbox 1196 4141 1284 4186; x_wconf 82' lang='lat' dir='ltr'><strong>astate</strong></span> <span class='ocrx_word' id='word_1_354' title='bbox 1303 4139 1386 4188; x_wconf 87' lang='lat' dir='ltr'><strong>multo</strong></span> 
     </span>
     <span class='ocr_line' id='line_1_37' title="bbox 250 4207 1386 4288; baseline -0.001 -16"><span class='ocrx_word' id='word_1_355' title='bbox 250 4219 420 4288; x_wconf 84' lang='lat' dir='ltr'><strong>posteriores,</strong></span> <span class='ocrx_word' id='word_1_356' title='bbox 449 4225 480 4270; x_wconf 87' lang='lat' dir='ltr'><strong>ut</strong></span> <span class='ocrx_word' id='word_1_357' title='bbox 505 4221 533 4271; x_wconf 87' lang='lat' dir='ltr'><strong>in</strong></span> <span class='ocrx_word' id='word_1_358' title='bbox 560 4235 629 4273; x_wconf 84' lang='lat' dir='ltr'><strong>novo</strong></span> <span class='ocrx_word' id='word_1_359' title='bbox 652 4226 810 4272; x_wconf 82' lang='lat' dir='ltr'><strong>testamento</strong></span> <span class='ocrx_word' id='word_1_360' title='bbox 829 4222 862 4270; x_wconf 87' lang='lat' dir='ltr'><strong>os.</strong></span> <span class='ocrx_word' id='word_1_361' title='bbox 884 4220 986 4272; x_wconf 86' lang='lat' dir='ltr'><strong>Wincr.</strong></span> <span class='ocrx_word' id='word_1_362' title='bbox 1005 4221 1171 4273; x_wconf 80' lang='lat' dir='ltr'><strong>Grammatik</strong></span> <span class='ocrx_word' id='word_1_363' title='bbox 1190 4221 1237 4272; x_wconf 86' lang='lat' dir='ltr'><strong>des</strong></span> <span class='ocrx_word' id='word_1_364' title='bbox 1254 4207 1386 4274; x_wconf 84' lang='lat' dir='ltr'><strong>neutesta-</strong></span> 
     </span>
     <span class='ocr_line' id='line_1_38' title="bbox 251 4305 770 4372; baseline 0 -16"><span class='ocrx_word' id='word_1_365' title='bbox 251 4305 411 4358; x_wconf 85' lang='lat' dir='ltr'><strong>mentlichen</strong></span> <span class='ocrx_word' id='word_1_366' title='bbox 434 4305 630 4372; x_wconf 80' lang='lat' dir='ltr'><strong>Sprschidioms</strong></span> <span class='ocrx_word' id='word_1_367' title='bbox 655 4307 691 4371; x_wconf 91' lang='lat'><strong>11,</strong></span> <span class='ocrx_word' id='word_1_368' title='bbox 713 4307 770 4358; x_wconf 85' lang='lat'>100.</span> 
     </span>
    </p>
   </div>
   <div class='ocr_carea' id='block_1_13' title="bbox 0 0 1492 5076">
    <p class='ocr_par' dir='ltr' id='par_1_14' title="bbox 0 0 1492 5076">
     <span class='ocr_line' id='line_1_39' title="bbox 0 0 1492 5076; baseline 0 0"><span class='ocrx_word' id='word_1_369' title='bbox 0 0 1492 5076; x_wconf 95' lang='lat' dir='ltr'><strong> </strong></span> 
     </span>
    </p>
   </div>
  </div>
 </body>
</html>
