2870 5076
669 423 875 494 ..54-

197 599 313 688 sliquis
345 608 441 686 atque
472 597 598 686 accepit
627 595 815 681 symbolam.
860 592 994 660 Minime
1021 613 1098 657 vero
1128 613 1168 656 aa
1195 590 1237 655 de
1258 611 1349 656 causa

198 709 343 789 occessit,
366 707 422 772 sed
445 717 481 772 ut
504 729 598 794 quem
621 705 750 770 viseret.
789 707 944 772 Attamen
959 703 1109 784 venisset,
1135 709 1171 767 nt
1185 699 1349 789 pecuniam
1419 707 1420 784 l

199 819 369 906 acciperet,
401 815 428 880 si
450 815 483 880 id
506 815 640 882 sciisset.
685 814 783 880 Nunc
805 815 846 879 ob
869 815 964 880 aliam
988 835 1118 878 causam
1142 809 1288 889 accessit,
1311 817 1352 872 at-

96 945 98 947 ·
200 951 263 1016 qne
285 936 322 992 ut
344 926 522 1012 symbolam
553 924 731 1012 acciperet,
755 913 820 990 nna
842 925 973 1004 evenit„
987 921 1085 1009 idque
1107 943 1182 987 cnm
1204 919 1292 984 illum
1314 918 1353 982 lo
1419 943 1420 1000 y

92 1034 98 1104 i
201 1059 274 1102 cum
303 1035 509 1123 frequentare
536 1059 601 1101 non
630 1036 748 1102 soleret
776 1056 882 1123 neque
911 1044 978 1099 tum
1008 1042 1044 1098 nt
1074 1031 1149 1096 illnc
1176 1029 1239 1095 iret
1266 1049 1354 1116 coge·

1419 3767 1420 3832 l

1419 3845 1420 3876 l

90 1158 97 1180 l
200 1156 290 1214 retur
303 1146 339 1231 ¹).

168 1267 172 1276 '
287 1259 402 1345 Itaque
425 1278 517 1322 casus
541 1264 573 1321 et
594 1256 660 1320 fors
680 1250 1129 1342 snnmfflmamdem
1142 1258 1256 1318 'eorum
1278 1271 1355 1337 qnae

203 1368 244 1434 ob
276 1368 415 1454 aliquem
445 1365 541 1430 finem
569 1365 639 1430 fieri
669 1366 782 1431 solent.
829 1343 935 1430 Causa
970 1371 1076 1427 autem
1109 1383 1193 1448 qnae
1223 1371 1272 1428 cst
1301 1379 1356 1448 per

205 1476 371 1558 assidens,
402 1475 514 1540 eadem
542 1473 709 1540 indefinita
740 1475 781 1540 sit
809 1496 941 1539 necesse
970 1482 1028 1539 est.
1073 1471 1206 1538 Etenim
1233 1491 1356 1557 semper

204 1585 325 1673 aliquid
347 1607 456 1651 eornm
479 1606 562 1671 qnae
590 1595 646 1648 ant
672 1595 798 1650 natura·
815 1591 890 1648 sunt
917 1591 972 1648 aut
995 1603 1014 1646 a
1036 1581 1246 1648 meditatione
1268 1578 1356 1668 profi-

205 1696 377 1777 ciscuntur,
407 1693 506 1760 efficit
528 1692 560 1756 id
591 1693 677 1780 quod
707 1693 743 1758 fit
766 1715 843 1758 casu
871 1715 910 1756 ac
937 1691 1081 1757 fortuito.
1125 1693 1244 1758 Aliena
1265 1691 1357 1780 igitur

206 1828 298 1870 casus
320 1805 433 1870 nititur
455 1825 561 1886 causa,
586 1802 702 1890 quibus
725 1812 832 1869 autem
855 1801 913 1867 niti
936 1810 1053 1889 potest,
1078 1823 1189 1870 eorum
1212 1821 1357 1868 numerus

204 1917 379 1980 immensus
402 1924 534 1980 estnec
557 1913 629 1980 ullis
652 1911 769 1978 finibus
793 1913 1063 1998 circumscriptus.
1100 1911 1211 1978 Veluti
1234 1903 1286 1977 ille
1308 1909 1357 1997 qui

172 2019 175 2024 ¹
207 2025 385 2111 symbolam
410 2024 546 2110 accepit,
570 2023 710 2089 utillum
727 2023 832 2088 locum
850 2029 975 2108 peteret
996 2020 1084 2108 adigi
1103 2019 1208 2110 potnit
1224 2043 1262 2086 eo
1277 2018 1357 2108 quod

167 2179 170 2186 s
207 2133 346 2222 aliquem
371 2133 474 2198 visere
497 2131 635 2215 volebat,
660 2133 712 2198 vel
737 2133 822 2220 quod
845 2131 991 2218 fugiebat
1011 2132 1062 2196 vel
1086 2129 1173 2218 qnod
1196 2151 1359 2218 perseque-

208 2243 303 2309 batur
324 2243 462 2330 aliquem
474 2242 507 2328 ²).

294 2352 449 2417 Videmus
478 2352 577 2438 igitur
608 2353 830 2441 philosophum
864 2370 957 2415 casus
980 2349 1143 2416 notionem
1169 2351 1301 2416 definite
1323 2356 1360 2413 at·

212 2485 273 2549 que
298 2461 493 2527 constituere
516 2464 692 2528 seeundum
717 2485 846 2529 causam
870 2459 1010 2542 finalem,
1034 2459 1066 2524 id
1083 2461 1167 2550 qnod
1193 2461 1311 2550 optime
1331 2458 1359 2522 in

211 2572 388 2638 doctrinam
412 2572 637 2640 Aristoteleam
667 2574 825 2640 convenit.
872 2573 1024 2638 Attamen
1054 2592 1162 2636 casum
1192 2580 1225 2635 et
1253 2571 1359 2635 fortem

212 2681 364 2746 describit
385 2682 440 2765 ita,
463 2692 499 2748 ut
521 2684 615 2750 simul
638 2683 850 2750 multitudinis
867 2692 900 2748 et
920 2680 1092 2767 paucitatis
1114 2682 1197 2747 ratio
1220 2677 1360 2748 habenda

211 2790 262 2856 sit.
307 2791 424 2878 Itaque
451 2803 586 2880 apparet
618 2817 710 2858 casus
741 2792 903 2858 notionem
932 2813 996 2855 non
1026 2799 1151 2857 tantum
1175 2792 1208 2857 in
1230 2793 1298 2879 ipsa
1318 2788 1360 2854 rei

212 2908 327 2965 natura
353 2902 491 2990 positam
520 2921 607 2986 esse,
636 2927 748 2968 verum
776 2903 871 2968 etiam
903 2901 1105 2990 aliquatenus
1135 2925 1175 2967 ex
1206 2901 1360 2969 hominum

214 3011 407 3096 cogitatione
429 3011 583 3107 pende-re.

297 3122 459 3188 Differunt
481 3131 588 3189 autem
613 3147 705 3188 casus
728 3133 760 3186 et
782 3125 847 3189 fors
869 3123 916 3188 ita
944 3124 1029 3189 inter
1051 3147 1100 3206 se,
1129 3134 1165 3196 nt
1192 3147 1283 3190 casus
1304 3143 1363 3185 am·

214 3231 299 3296 bitus
328 3231 368 3296 sit
396 3231 570 3319 amplioris.
616 3231 836 3320 Quaecunque
865 3233 949 3298 enim
977 3234 1109 3298 fortuita
1138 3243 1227 3317 sunt,
1259 3231 1362 3297 eadem

215 3350 290 3406 sunt
312 3363 398 3422 casu,
422 3350 533 3405 contra
556 3365 618 3408 non
642 3343 749 3407 omnia
771 3365 854 3432 quae
878 3366 954 3408 casu
978 3344 1139 3428 accidunt,
1167 3343 1278 3410 eadem
1300 3337 1362 3404 lieri

215 3462 349 3540 possunt
384 3450 445 3516 dici
477 3451 618 3518 fortuit.
663 3451 750 3520 Nam
784 3456 850 3520 fors
887 3477 950 3522 non
979 3465 1027 3520 est
1054 3454 1114 3520 nisi
1142 3478 1254 3522 eorum
1289 3471 1362 3539 quac

217 3583 314 3647 agere
337 3571 472 3648 possunt
495 3571 592 3648 atque
612 3571 746 3628 utuntur
768 3563 911 3629 arbitrio.
948 3566 1064 3652 Itaque
1086 3565 1152 3629 fors
1173 3565 1205 3630 in
1229 3561 1363 3628 homines

218 3672 302 3736 solos
326 3670 456 3756 cadit³).
502 3669 624 3737 Contra
647 3694 738 3736 casus
762 3673 849 3738 notio
871 3672 903 3737 in
926 3675 1050 3764 reliqua
1073 3697 1201 3762 quoque
1225 3668 1363 3738 animalia

217 3842 418 3853 ---·-——-

295 3934 313 4000 ¹)
331 3933 361 3983 n.
380 3933 397 3986 1.
419 3935 467 3985 aas
480 3933 498 3984 b
512 3937 553 3985 aa.

237 4021 242 4034 '
294 4022 313 4084 ²)
332 4020 413 4086 Phys.
433 4019 467 4082 II,
489 4028 511 4071 5.
533 4023 580 4072 197
595 4038 610 4073 a
624 4023 651 4071 8:
675 4018 790 4090 ἀόριστα
808 4020 862 4091 μὲν
882 4013 931 4074 οὖν
949 4019 982 4074 td
1003 4025 1074 4075 atsto
1094 4019 1201 4091 ἀνάγκη
1220 4021 1297 4086 slecis,
1316 4012 1361 4085 ἀφ’
1419 4083 1420 4100 ¹

220 4099 260 4164 ὧν
282 4101 317 4160 ἂν
340 4108 447 4175 γένοιτο
470 4103 500 4159 τὸ
524 4103 579 4158 sind
604 4105 693 4176 τύχης.
729 4114 753 4162 6.
774 4113 894 4164 laesa:
917 4105 966 4162 τὸν
989 4109 1021 4162 δὲ
1044 4106 1149 4180 τρόπον
1172 4111 1218 4178 τῆς
1240 4113 1325 4166 αἰτίας
1340 4103 1364 4157 lv
1419 4161 1420 4184 p

221 4201 277 4254 τοῖς
294 4191 362 4249 ὅθεν
379 4192 394 4260 ἡ
414 4191 483 4262 ἀρχὴ
502 4195 546 4260 τῆς
564 4193 694 4262 κινήσεως
713 4195 842 4266 ἑκάτερον
861 4193 959 4250 αὐτῶν·
979 4193 995 4263 ἢ
1013 4196 1068 4267 γὰρ
1085 4199 1140 4253 τῶν
1159 4195 1242 4268 φύσει
1256 4217 1280 4251 τι
1293 4190 1307 4262 ἢ
1319 4193 1364 4246 τῶν
1419 4185 1420 4240 ἷ

221 4282 277 4338 ἀπὸ
296 4282 421 4340 διανοίας
438 4285 526 4337 αἴτιον
545 4281 589 4336 ἀεί
605 4283 687 4338 ἐστιν·
708 4279 778 4336 ἀλλὰ
797 4281 901 4339 τούτων
918 4283 948 4338 td
968 4287 1076 4354 πλῆθος
1092 4283 1234 4355 ἀόριστον.
1265 4287 1303 4336 De
1320 4294 1363 4348 quo
1419 4319 1420 4342 2

222 4375 542 4440 locovld.exenrs.ll·1.
605 4411 608 4420 .

295 4459 315 4525 ³)
333 4461 413 4528 Phys.
431 4462 472 4527 ΙΙ,
497 4465 521 4514 6.
549 4463 595 4514 197
615 4462 632 4515 b
651 4472 678 4516 5:
708 4458 780 4516 ὥσθ’
803 4457 919 4522 ὁπόσοις
938 4460 977 4535 μὴ
1002 4461 1139 4531 ἐνδέχεται
1164 4461 1282 4532 πρᾶξαι,
1307 4449 1363 4512 etot
1419 4495 1420 4498 ,
