2870 5076
525 421 731 486 -77-

67 593 178 684 quidem
200 596 396 683 cogitatione
420 592 504 660 actio
523 592 685 681 cogitandi
702 603 735 658 et
749 592 783 660 id
798 593 885 682 quod
901 593 1062 683 cogitator
1077 617 1207 682 prorsus

64 707 90 771 in
110 729 200 772 onum
223 707 428 786 coaluerunt,
460 705 504 770 ita
534 714 571 770 ut
602 704 753 792 cogitatio
782 702 822 770 ad
845 702 1073 790 semetipsam
1095 705 1208 772 redeat

64 827 146 904 atque
167 816 208 883 sit
230 817 434 904 cogitationis
458 815 622 903 cogitatio.

134 925 178 995 Ut
213 927 420 993 absolvamus
456 924 618 991 difficilem
656 924 829 991 admodum
865 925 905 992 de
939 927 1054 992 mentis
1089 929 1206 1012 cogita·

62 1037 137 1102 tione
151 1037 378 1126 suimetipsius
395 1035 586 1117 doctrinam,
610 1058 715 1123 pauca
730 1034 880 1101 addenda
895 1047 978 1102 sunt.
1018 1035 1207 1103 Aristoteles
1291 1073 1294 1080 ·

62 1147 251 1231 obiectorum,
275 1146 316 1213 ad
341 1169 424 1236 quac
448 1145 565 1212 mentis
580 1145 664 1209 actio
687 1144 857 1232 pertineat,
881 1144 945 1211 duo
961 1167 1083 1234 genera
1099 1147 1207 1214 distin-

61 1257 168 1343 guit¹),
194 1281 331 1346 quorum
353 1258 489 1324 alterum
516 1256 741 1345 complectitur
762 1277 801 1320 ea
823 1277 906 1342 quae
930 1256 1064 1322 materis
1086 1269 1207 1340 carent,

61 1365 95 1432 ul
117 1359 191 1434 drea
213 1365 309 1456 ὅλης,
339 1367 475 1434 alterum
499 1391 550 1434 res
573 1375 752 1432 concretas.
797 1365 871 1430 Hae
893 1365 1119 1450 intellegibiles
1143 1391 1206 1432 non
1274 1437 1277 1448 ,

62 1489 126 1544 sunt
140 1479 197 1546 nisi
213 1477 358 1567 potentia
368 1477 405 1564 ²).
437 1477 566 1544 Etenim
583 1499 647 1542 non
663 1477 753 1564 ipsae
770 1488 845 1543 sunt
860 1476 1076 1562 intellegentis
1092 1480 1207 1544 mentis
1329 1481 1335 1494 '
1424 1497 1427 1526 ¹

62 1587 183 1672 obiecta,
207 1590 264 1657 sed
287 1591 411 1655 lormae
426 1599 524 1676 atque
539 1585 748 1669 substantiae,
772 1608 856 1673 qnae
871 1586 990 1652 insunt.
1025 1585 1206 1675 Cogitaodo

61 1713 153 1766 eutem
172 1723 262 1766 mens
278 1724 330 1768 res
346 1701 387 1766 ad
404 1720 516 1765 veram
532 1720 570 1763 ac
586 1697 771 1784 primariam
787 1706 934 1762 naturam
951 1696 1090 1781 reducit3
1106 1721 1207 1762 remo·

62 1819 107 1872 ret
127 1811 206 1875 euim
230 1832 444 1898 quaecunque
466 1830 525 1896 per
547 1806 696 1874 accidens
723 1817 799 1874 sunt
821 1820 919 1894 atque
940 1807 974 1872 in
998 1809 1133 1873 materia
1154 1831 1207 1894 po·

61 1915 125 2000 sita,
154 1943 260 2010 nequa
287 1921 441 2009 relinquit
467 1918 527 1984 nisi
555 1918 642 2006 quod
669 1918 887 1984 necessarium
914 1929 963 1984 est
990 1930 1022 1984 et
1045 1930 1205 1984 constans.

59 2023 161 2116 ltaque
195 2030 467 2120 quemadmodum
501 2030 715 2095 instrumenta
747 2051 806 2114 per
840 2051 970 2094 menum
1004 2027 1132 2094 demum
1164 2029 1205 2095 ad

59 2159 136 2204 suam
158 2140 221 2208 vim
245 2143 454 2229 perveniunt,
481 2141 528 2205 ita
554 2140 679 2206 formae
708 2161 766 2226 per
789 2150 929 2206 mentem
955 2139 1089 2227 eiusque
1112 2139 1207 2206 actio

59 2268 121 2314 nem
151 2275 239 2318 snam
270 2275 309 2318 ac
337 2252 522 2341 primariam
547 2261 693 2318 naturam
723 2249 946 2336 adipiscuntur
955 2249 992 2336 ³).
1036 2249 1119 2316 Cum
1146 2251 1203 2316 tali
1234 2316 1238 2330 Ι

60 2361 168 2427 mtione
190 2385 281 2428 mens
303 2385 394 2429 suam
416 2361 516 2450 ipsius
539 2360 680 2427 indolem
703 2359 801 2426 rebus
824 2361 917 2447 quasi
944 2361 1043 2441 indat,
1068 2383 1122 2427 eas
1145 2360 1206 2426 sibi

60 2469 162 2538 subicit
186 2485 284 2562 atque
307 2493 418 2540 earum
439 2472 560 2538 formas
584 2470 764 2552 constituit,
792 2470 838 2536 ita
861 2481 896 2536 nt
917 2470 981 2538 iam
1004 2494 1083 2537 suae
1104 2471 1207 2558 ipsine

61 2577 114 2646 sint
132 2583 292 2668 notiones3
317 2607 381 2671 quo
396 2584 484 2649 facto
500 2582 555 2648 ubi
572 2604 627 2648 eas
643 2580 919 2668 cogitatmogitat
934 2591 1038 2648 semet
1052 2580 1157 2670 ipsam
1166 2583 1206 2666 ⁴).

59 2687 105 2754 Sic
123 2714 174 2758 ree
197 2695 438 2761 mathematicas
464 2715 556 2758 mens
579 2714 597 2756 e
618 2693 714 2758 rebus
743 2691 902 2758 concretis
930 2701 1029 2780 atque
1057 2713 1100 2758 ex
1128 2693 1207 2780 ipsis

60 2803 265 2886 experientiae
293 2804 411 2870 finibus
441 2803 573 2892 repetit,
606 2802 820 2869 abstrahendo
849 2801 934 2868 euim
965 2802 1060 2890 lingit
1089 2827 1207 2890 corpus

59 2912 317 2997 mathematicum,
335 2891 522 3002 planitiem,
551 2914 679 2997 lineam,
703 2923 868 3002 punctum.
913 2912 1047 2979 Minime
1072 2917 1206 2982 veroin

58 3017 89 3082 lie
116 3045 197 3110 qnae
232 3024 288 3090 tali
316 3024 411 3091 modo
440 3025 500 3090 sibi
528 3025 732 3113 comparavit
753 3023 943 3111 acquiescit,
973 3024 1070 3090 immo
1100 3027 1164 3090 iam
1189 3049 1207 3090 e

59 3145 163 3214 puncto
195 3134 316 3222 figuras
349 3136 594 3202 mathematicas
628 3133 718 3200 ducit
754 3144 852 3222 atquc
885 3135 956 3223 ipss
988 3136 1207 3202 necessariam

58 3257 154 3309 eorum
177 3244 242 3312 vim
265 3257 362 3334 atque
378 3258 526 3314 naturam
542 3255 702 3335 procreat.
736 3244 852 3331 ltaque
867 3244 1056 3312 Aristoteles
1073 3247 1207 3316 minime
1276 3293 1280 3305 1

58 3371 152 3420 secum
175 3367 307 3444 pugnet,
330 3355 418 3444 quod
440 3356 670 3424 mathematica
690 3353 733 3422 sol
755 3352 793 3434 ἐξ
806 3347 1029 3444 ἀφαιρέσεως,
1055 3359 1085 3424 h.
1103 3383 1132 3425 e.
1156 3357 1209 3423 alr

59 3463 216 3532 suaheudo
240 3491 259 3534 a
282 3478 387 3534 mente
416 3469 532 3535 effecta
555 3489 672 3533 vocare
695 3467 790 3550 solet,
822 3475 855 3530 et
877 3477 987 3534 tamen
1007 3467 1123 3558 Topic.
1149 3467 1208 3551 Vl,
1323 3459 1327 3464 ¹
1425 3515 1426 3528 κ

57 3651 243 3672 *nnn—.-

121 3775 137 3838 ¹)
156 3778 195 3828 De
214 3778 295 3828 anim.
314 3777 364 3838 111,
383 3782 407 3828 4.
427 3781 478 3830 480
491 3792 507 3827 a
520 3781 601 3843 eaqq.

119 3863 137 3927 ¹)
155 3866 185 3916 1..
205 3866 222 3916 l.
241 3865 290 3928 Ill,
308 3869 334 3918 4.
353 3867 403 3916 480
417 3881 433 3916 a
445 3867 473 3916 e:
494 3861 524 3916 lv
543 3863 574 3916 dl
592 3867 648 3922 τοῖς
667 3862 780 3931 ἔχουσιν
798 3860 865 3930 ὕλην
881 3861 999 3936 δυνάμει
1016 3863 1210 3924 decurialem

55 3947 99 4002 uir
115 3954 226 4018 νοητῶν.

116 4037 182 4104 ¹)L.
202 4040 287 4104 1.111,
307 4043 331 4093 8.
350 4043 473 4092 mal:
497 4033 567 4092 diosa
585 4035 601 4104 'l
619 4037 696 4108 ψυχὴ
715 4035 808 4108 ὥσπερ
827 4036 920 4108 ἡχείρ
939 4039 1027 4094 lustr·
1047 4045 1100 4096 erat
1119 4030 1210 4110 γὰρὴ

51 4123 102 4192 χείρ
123 4117 247 4196 ὄργανόν
270 4126 345 4180 rora
366 4123 507 4196 ὀργάνων,
532 4127 579 4178 rel
601 4124 616 4180 ὀ
639 4129 706 4187 νοῦς
727 4125 800 4186 aldor
823 4126 914 4180 treus.
951 4131 1137 4195 Hemoniae,
1163 4126 1213 4178 Die

55 4207 153 4282 Dielege
170 4215 194 4269 d.
214 4216 322 4266 Ariatct
342 4230 366 4282 p.
381 4219 424 4280 85,
443 4211 517 4272 aldor
534 4213 617 4268 crees
635 4218 833 4284 interpretaturo
858 4217 928 4278 ‚Der
946 4215 1081 4281 lnbegrilr
1097 4217 1147 4270 der
1165 4215 1212 4264 Be·

55 4299 144 4364 mida·
163 4319 241 4370 qnam
259 4303 500 4370 interpretationem
518 4319 567 4356 nos
586 4303 696 4370 probare
713 4320 767 4356 non
785 4319 935 4371 possumne.

116 4391 136 4452 ·)
154 4392 184 4443 1..
200 4393 219 4445 1.
239 4392 292 4454 111,
312 4395 337 4440 0.
357 4393 408 4444 480
421 4391 439 4444 b
452 4395 499 4443 ts:
529 4393 554 4442 rt
577 4389 611 4444 dt
631 4408 683 4444 aava
709 4387 747 4462 μή
769 4391 843 4446 ἐστιν
866 4391 994 4445 ἐναντίον
1015 4391 1074 4446 reis
1104 4391 1212 4450 arctor,

57 4469 113 4528 etse
130 4476 210 4534 leord
227 4473 375 4550 γιγνώσκει
394 4479 441 4530 καὶ
454 4475 577 4548 ἐνεργείᾳ
596 4476 656 4532 ἐστί
672 4481 719 4532 καὶ
732 4473 879 4550 χωριστόν.
