2966 5072
791 473 830 533 10

296 635 434 719 amplexi
456 644 549 718 sunt,
572 643 609 703 ιιι
630 639 863 706 studiosissime
885 641 915 706 ei
936 644 1066 724 praeter
1086 644 1208 704 ceteras
1231 644 1318 703 artes

237 797 240 806 .
296 741 425 821 operato
455 740 585 832 darent,
627 743 747 827 iisque,
776 745 831 827 qui
859 765 930 810 eam
957 742 1149 824 tradebant,
1184 761 1318 826 magnas

295 846 446 926 pecunias
466 847 653 929 penderent.
698 845 761 912 Sed
784 847 1052 936 quemadmodum
1072 847 1141 912 fieri
1162 847 1258 928 solet,
1281 852 1318 912 ut

295 928 378 1030 qudo
413 970 533 1015 merces
556 949 761 1033 cupidissime
794 957 1008 1036 appetuntur,
1043 972 1100 1016 eae
1122 951 1240 1016 semim
1263 950 1316 1015 de-

296 1057 471 1134 praventur
505 1060 537 1119 et
566 1055 670 1120 minus
705 1061 854 1120 accurate
891 1055 1114 1138 conficiantur,
1146 1055 1191 1122 sie
1220 1055 1319 1121 etiam

295 1177 349 1220 ars
378 1156 544 1224 dialectica
572 1180 646 1224 mox
674 1160 708 1224 in
744 1163 835 1245 pejus
871 1162 990 1225 mutari
1020 1166 1133 1244 coepta
1156 1166 1214 1225 est.
1268 1159 1319 1224 ln·

294 1265 346 1324 ter
368 1282 476 1328 omnes
498 1265 583 1328 enim
604 1270 716 1330 notum
737 1270 803 1344 est,
827 1265 869 1330 ad
892 1287 972 1349 quas
994 1267 1132 1348 ineptias
1155 1264 1318 1347 sophistae

295 1365 341 1430 illi
364 1369 420 1450 qui
442 1368 592 1435 dicuntur
614 1371 852 1451 descenderint,
881 1391 963 1454 quas
985 1390 1086 1454 nugas
1109 1369 1318 1452 captaverint,

296 1477 417 1554 quanta
438 1474 599 1539 interdum
621 1473 787 1540 doctrinae
808 1475 1053 1560 perversitatem
1074 1495 1199 1540 morum
1219 1473 1318 1538 foedi·

295 1575 364 1640 tate
387 1579 594 1660 aequaverint
616 1579 667 1646 vel
688 1581 796 1663 potius
819 1571 1048 1663 superaverint,
1072 1579 1248 1645 communis
1268 1581 1317 1662 ju·

295 1679 340 1742 ris
363 1687 535 1765 praecepta
557 1683 592 1748 in
617 1686 885 1769 contemptionem
907 1684 1099 1750 adduxerint
1112 1684 1164 1770 ¹⁸).
1215 1681 1319 1767 Hujus

294 1781 444 1850 licentiae
467 1787 520 1852 vix
541 1787 609 1853 ulla
631 1809 729 1855 causa
750 1791 885 1856 inveniri
907 1790 1040 1873 poterit,
1063 1789 1126 1854 nisi
1147 1809 1230 1872 quae
1245 1809 1319 1872 pro-

295 1887 380 1953 fecta
402 1895 451 1956 est
474 1891 516 1957 ab
540 1913 650 1958 eorum
672 1915 773 1976 prava
794 1894 979 1975 dialectica,
1010 1913 1075 1978 qua
1096 1892 1176 1958 nihil
1196 1912 1262 1958 non
1285 1913 1319 1957 se

296 1991 421 2058 efficere
441 2016 537 2077 posse
559 1997 812 2064 arbitrabantur.
857 1999 976 2063 Rerum
997 1999 1083 2062 enim
1103 1999 1247 2080 ipsarum
1263 2018 1319 2080 pa·
1437 1993 1438 2000 '

294 2117 366 2162 rum
387 2100 506 2164 curiosi
527 2099 627 2166 verba
637 2121 782 2184 premere
797 2101 954 2181 solebant,
979 2101 1126 2165 notiones
1143 2100 1231 2182 ipsas
1246 2098 1319 2182 plus

291 2202 379 2286 justo
400 2202 614 2286 negligentes,
636 2203 772 2268 fallaciis
794 2208 827 2267 et
849 2201 1114 2268 conclusiunculis
1132 2201 1198 2266 suis
1220 2201 1318 2284 irnpe-

293 2305 430 2370 ritorum
451 2311 574 2372 mentes
596 2306 787 2390 perturbare
808 2327 872 2371 non
895 2304 1090 2386 dubitantes,
1113 2310 1146 2369 et
1168 2325 1251 2388 quae
1266 2325 1320 2370 ars

294 2409 403 2476 divina
425 2431 445 2476 a
467 2411 528 2476 diis
549 2412 784 2478 immortalibus
806 2411 847 2476 ad
874 2431 984 2476 verum
1011 2409 1235 2475 inveniendum
1262 2409 1319 2476 ho·

293 2514 433 2580 minibus
455 2513 534 2580 data
555 2536 626 2581 esse
646 2516 780 2592 videtur,
804 2535 842 2581 ea
863 2521 1020 2598 tanquam
1037 2513 1171 2598 ignobili
1192 2533 1320 2597 perver-

295 2621 401 2688 sitatis
423 2622 571 2688 ministra
592 2622 633 2687 ad
656 2621 737 2688 alios
759 2620 925 2702 fallendos,
948 2617 1320 2703 adcaptiosissimas'res

296 2724 479 2808 solvendas,
521 2727 657 2792 maxime
688 2725 840 2792 ridiculas
873 2724 1057 2809 probandas
1091 2723 1319 2789 abutebantur.
1419 2785 1443 2796 f

297 2827 440 2908 Quarum
463 2851 571 2896 rerum
592 2831 718 2915 insigne
741 2835 935 2896 momentum
962 2834 1069 2895 exstat
1090 2831 1230 2894 Platonis
1249 2830 1320 2893 Ειι-
1408 2899 1419 2909 ,

297 2937 473 3018 thydcmar,
498 2957 592 3020 quem
615 2937 671 3022 qui
692 2936 817 3022 legerit,
843 2957 955 3002 eornm
976 2935 1077 3019 magis
1100 2954 1198 3000 vanas
1216 2939 1319 3000 osten·

295 3041 434 3106 tationes
457 3061 553 3125 quarn
581 3041 716 3108 subtiles
744 3040 1037 3125 argumentationes
1067 3039 1181 3106 melius
1208 3059 1320 3122 cogno·

294 3145 391 3225 verit,
424 3166 520 3229 quam
552 3145 645 3212 nobis
677 3145 730 3212 hic
759 3165 813 3210 eas
844 3144 1026 3216 describere
1058 3145 1093 3209 in
1120 3145 1227 3210 animo
1261 3148 1320 3208 est.

295 3249 496 3335 Quamquam
517 3272 635 3336 negare
658 3251 823 3332 nolrnnus,
852 3250 954 3317 multa
990 3251 1087 3316 etiam
1116 3249 1195 3314 scite
1216 3248 1260 3314 ab
1279 3248 1320 3312 iis

293 3356 444 3421 instituta
465 3377 551 3437 esse,
576 3376 657 3440 quae
679 3377 778 3440 quum
800 3353 842 3420 ad
864 3355 1045 3438 pedestrem
1063 3354 1240 3419 orationem
1254 3372 1320 3417 om-

294 3459 386 3541 nino,
418 3465 488 3524 tum
520 3481 596 3526 vero
628 3459 670 3525 ad
700 3467 805 3526 artem
837 3460 1013 3526 oratoriam
1045 3457 1252 3542 pertinebant
1268 3456 1319 3540 19).

234 3633 241 3644 ,
295 3562 399 3641 Quum
421 3563 506 3629 enim
528 3568 604 3648 ante
626 3563 732 3628 omnia
759 3563 865 3629 dicere
892 3563 1037 3630 homines
1069 3561 1183 3629 docere
1212 3559 1320 3626 stude·

352 3813 397 3883 18)
416 3816 449 3867 Cf.
469 3816 541 3884 apud
557 3815 620 3868 Piae.
643 3815 863 3884 Thrasymachum
881 3816 960 3883 [terp.
977 3816 987 3865 l
1006 3830 1030 3879 p.
1051 3811 1112 3874 336,
1130 3813 1148 3863 Β
1166 3827 1218 3876 sqq.
1257 3811 1322 3863 cal-

295 3903 378 3956 liclem
398 3905 473 3974 Gorg.
493 3921 516 3971 p.
535 3905 597 3968 481,
616 3907 634 3958 Β
653 3921 705 3971 sqq.
752 3907 794 3965 Qui
813 3906 916 3970 quamvis
935 3905 997 3955 inter
1014 3905 1131 3968 sophistas
1162 3917 1208 3952 non
1239 3915 1321 3951 nurne-

295 4007 375 4059 retur,
395 4000 420 4050 itl
438 3999 532 4065 quidem
550 4001 607 4052 nihil
626 4002 656 4052 etl
674 4009 779 4052 nostram
797 4016 856 4053 rem.
971 3996 1018 4066 19)
1036 3998 1070 4048 Cl.
1092 3995 1163 4049 (111.
1179 3996 1323 4048 limabat

296 4091 382 4154 disput.
400 4092 429 4142 da
452 4091 639 4159 Thrasymacho
667 4091 837 4143 Chalcedonio
864 4089 984 4158 sophista.
1027 4087 1098 4138 lodex
1124 4087 1225 4139 scholar.
1244 4087 1268 4137 in
1287 4103 1322 4138 ac.

298 4181 387 4249 Grorp.
406 4180 474 4250 Aug.
494 4196 537 4245 pcr
553 4197 612 4234 sem.
630 4183 676 4234 hih.
696 4183 750 4234 anui
771 4178 947 4234 lars-lale
966 4177 1066 4230 haband.
