2966 5072
675 489 715 551 61

181 658 248 726 ullo
268 665 366 744 paeto
388 657 459 725 fieri
479 660 641 743 potuisse,
674 663 712 724 ut
740 657 769 722 is
798 653 984 722 Aristotelis
1013 673 1110 739 quam
1132 655 1203 722 Pla·
1287 697 1295 729 ,

179 767 266 832 tonis
306 765 453 850 dialogos
492 763 555 830 sibi
595 761 770 829 imitandos
809 781 936 827 sumere
971 760 1105 827 mallet?
1160 761 1205 828 Ut
1241 712 1253 855 t
1282 747 1294 795 .'

179 872 264 936 euim
304 868 543 936 concedendum
579 869 643 948 sit,
682 865 869 933 Ciceronem
900 864 1044 931 Platonis
1078 867 1203 949 elegan-

176 975 274 1055 tiam,
306 979 527 1052 venustatem,
550 971 743 1036 suavitatem
770 973 902 1057 eJusque
933 977 1038 1036 artem
1067 977 1100 1038 et
1129 973 1203 1038 sub·

177 1077 333 1141 tilitatem
353 1077 387 1140 in
410 1074 636 1158 componendis
659 1073 795 1157 dialogis
818 1078 1025 1138 consecutum
1038 1094 1103 1141 non
1122 1095 1203 1156 esse,

176 1187 306 1260 tamem
336 1181 465 1262 opinor,
498 1179 690 1244 acerrimum
712 1177 875 1242 Ciceronis
897 1177 1039 1242 studium
1058 1178 1204 1246 Platonis

177 1283 328 1350 imitandi
341 1283 460 1368 ubique
470 1283 653 1366 perillustre
666 1287 718 1346 est
729 1281 879 1364 cernique
893 1286 1002 1364 potest
1015 1283 1083 1368 159).
1114 1282 1205 1350 Siout

176 1393 287 1452 autem
301 1387 509 1452 Aristotelem
529 1387 564 1451 in
585 1384 790 1469 philosophia
811 1405 876 1450 non
898 1383 1057 1450 deterruit
1084 1406 1104 1452 a
1126 1388 1203 1453 scri·

170 1490 287 1558 'bendo
309 1489 488 1574 amplitudo
508 1489 663 1571 Platonis,
686 1511 745 1554 nee
766 1490 834 1572 ipse
849 1489 1040 1554 Aristoteles
1063 1490 1202 1559 admira·

177 1595 235 1660 bili
256 1594 399 1678 quadam
421 1594 556 1659 scientis
578 1599 611 1660 et
633 1594 726 1676 eopia
747 1598 928 1660 ceterorum
950 1593 1058 1660 studia
1086 1598 1202 1662 restin-

174 1700 226 1764 xit
236 1699 315 1784 ¹⁴⁰),
344 1697 392 1764 sic
414 1694 617 1778 Ciceronem,
646 1697 676 1762 si
697 1696 826 1762 omnino
848 1695 889 1762 de
917 1697 1100 1764 imitatione
1119 1701 1203 1783 cogi·

177 1802 317 1869 tandum
339 1806 399 1881 est,
423 1790 581 1884 optimum
593 1821 752 1884 quemque
766 1800 939 1884 inqueque
961 1822 997 1868 re
1012 1804 1202 1887 scriptorem

177 1913 212 1974 et
233 1913 307 1972 arte
328 1906 659 1990 praestantissimum,
673 1899 809 1988 'rejecto
839 1924 984 1988 quoque,
1014 1909 1070 1990 qni
1097 1909 1202 1974 minus

177 2009 337 2078 excellens
365 2009 556 2091 haberetur,
590 2007 782 2076 imitandum
810 2007 873 2074 sibi
899 2010 1037 2076 maxime
1069 2011 1203 2095 elegisse

176 2123 430 2184 consentaneum
451 2120 511 2181 est.
555 2115 702 2198 Apparet
722 2114 757 2180 id
778 2135 876 2198 quum
899 2136 939 2179 ex
959 2116 1061 2198 ipsius
1075 2116 1202 2184 Cicero·

176 2225 226 2288 nis
247 2222 379 2306 scriptis
393 2221 462 2304 ¹4¹),
484 2225 555 2284 tum
575 2219 677 2284 multo
698 2219 802 2303 magis
824 2221 924 2286 etam
945 2241 985 2286 ex
997 2223 1202 2290 veneratione

176 2327 320 2412 quadam
359 2331 394 2390 et
425 2324 590 2406 leudibus,
632 2323 939 2412 quibus-nusquam
965 2346 1029 2392 non
1056 2325 1201 2392 Platonis

177 2432 408 2498 auctoritatem
430 2433 463 2493 et
482 2430 717 2512 praestantiam
738 2435 928 2511 prosecutus
951 2435 1001 2494 est
1015 2430 1082 2514 142).

242 2537 311 2602 Nec
331 2556 407 2600 vero
429 2534 600 2600 diversitas
631 2532 805 2617 quaedam,
838 2553 922 2616 quae
948 2534 1034 2598 inter
1055 2533 1201 2600 Platonis

176 2640 322 2724 dialogos
351 2644 385 2704 et
408 2636 571 2704 Ciceronis
600 2635 789 2715 intercedit,
823 2635 979 2718 impedire
1007 2656 1067 2702 nos
1094 2636 1200 2719 debet,

176 2743 348 2829 quominus
373 2741 553 2842 judicemus
583 2738 770 2806 Ciceronem
799 2759 819 2804 a
847 2739 993 2806 Platonis
1020 2741 1201 2808 imitatione

176 2849 361 2915 recessisse.
404 2844 449 2910 Et
470 2843 622 2929 qnoniam
640 2847 714 2929 jure
739 2865 818 2910 suus
840 2864 911 2910 esse
937 2865 1036 2929 quam
1056 2844 1200 2912 Platonis

178 3104 184 3116 '
251 3109 762 3182 139)cr.ctc.oet09··e.1,5,15;
787 3112 823 3174 ll,
842 3113 868 3176 6,
896 3111 943 3178 143
963 3115 997 3178 ll,
1023 3115 1200 3178 27,6o;111,

178 3201 201 3262 1,
222 3203 252 3264 1,
271 3201 301 3250 de
321 3203 394 3252 Orat.
415 3203 439 3264 l,
458 3203 482 3264 ’1,
501 3203 551 3266 26ς
571 3204 598 3254 sd
614 3203 690 3253 Anio.
713 3204 748 3264 lV,
770 3203 813 3266 16,
832 3203 856 3254 3.
971 3205 1035 3273 146)
1055 3207 1108 3257 Cic.
1130 3207 1200 3257 Ora-

174 3301 222 3342 scr.
241 3289 270 3358 ς.
288 3290 314 3341 5.
449 3291 512 3358 141)
531 3293 560 3343 Ut
577 3309 604 3342 er
623 3293 700 3343 multis
717 3307 790 3343 unum
807 3301 895 3344 tentum
921 3293 964 3344 too
988 3291 1200 3358 commemoremus,

173 3381 227 3447 quis
244 3397 292 3432 non
317 3381 378 3432 dist
401 3390 525 3432 mtremsm
547 3391 634 3446 parm
659 3383 768 3434 librorum
792 3383 822 3432 de
846 3383 982 3446 Republica,
1004 3399 1062 3448 quoe
1086 3386 1200 3436 somnium

174 3471 287 3536 Sdpionis
303 3472 417 3532 confluet,
435 3487 531 3536 prorsus
548 3473 577 3522 sd
592 3472 693 3524 Platonis
710 3471 878 3522 similitudinem
896 3475 972 3524 fletam
989 3482 1057 3539 atque
1074 3477 1199 3539 appositam

174 3557 248 3612 de?
386 3559 450 3626 142)
469 3564 504 3615 Cl.
528 3563 597 3615 Ture.
617 3563 692 3632 Βίῳ.
710 3564 729 3624 l,
748 3562 791 3626 11,
810 3563 858 3616 39:
883 3565 965 3618 Errare
988 3567 1116 3616 inmerente
1139 3567 1200 3618 malo

173 3669 233 3702 cass
253 3651 366 3714 Platone,
391 3668 459 3718 qoem
485 3662 510 3705 ta
535 3655 614 3718 quanti
638 3655 705 3704 lacios
728 3656 774 3704 scio
798 3663 820 3704 et
840 3671 907 3719 quem
933 3672 960 3706 er
978 3665 1018 3706 tuo
1036 3673 1075 3706 ore
1093 3658 1200 3720 admiror,

173 3757 243 3808 qnam
259 3757 311 3792 cum
324 3741 373 3794 istis
386 3758 440 3794 vers
452 3744 544 3794 mutire
582 3742 646 3803 illd,
660 3743 678 3804 l,
700 3741 741 3804 16,
761 3741 810 3794 22:
830 3744 960 3794 Aristoteles
973 3745 1039 3806 longe
1052 3747 1199 3796 omnihus-

175 3831 307 3884 meones
325 3845 417 3897 semper
441 3833 526 3896 excipio
546 3861 580 3870 -
598 3837 716 3895 praestans
741 3839 763 3882 et
787 3833 877 3896 ingenio
901 3842 924 3884 et
942 3833 1062 3898 diligentia.
1100 3833 1163 3886 ltid.
1181 3835 1199 3898 l,

175 3919 219 3982 21,
237 3919 289 3982 16,
314 3921 343 3970 de
368 3919 427 3972 sen.
446 3921 478 3986 V,
497 3939 518 3973 c.
537 3922 569 3972 3:
594 3935 692 3987 morum
716 3922 823 3986 princeps
847 3924 990 3986 macuta
1016 3939 1083 3989 quem
1107 3933 1199 3990 excepto

172 4011 280 4064 mou
298 4011 360 4062 lind
378 4011 425 4061 solo
441 4027 470 4061 sn
488 4018 550 4062 rede
573 4013 667 4062 dixerim
689 4011 814 4076 principem
839 4013 1034 4078 pbilosophorum.
1070 4015 1103 4065 Ad
1122 4013 1197 4066 Altis.

171 4103 210 4162 11,
233 4099 276 4162 16,
295 4097 327 4150 ³:
345 4100 403 4150 deus
420 4099 458 4150 illa
476 4109 556 4152 nasto
574 4100 655 4152 Plato.
674 4099 713 4152 De
732 4101 792 4152 Nat.
812 4101 887 4154 θεον.
905 4101 942 4162 11,
964 4101 1005 4164 12,
1024 4102 1074 4164 61ς
1094 4103 1196 4163 Orator,

176 4191 218 4254 19,
239 4189 290 4250 62ς
310 4188 419 4250 Bredas,
439 4185 489 4250 ³1,
509 4188 568 4242 121.
