2870 5076
692 407 928 474 ,ιω-

228 603 293 648 non
324 579 482 648 omnibus.
529 578 596 649 Sed
624 579 731 647 omnia
757 579 814 645 illa
835 602 1034 667 percensere
1063 579 1143 646 alius
1176 589 1227 646 est
1253 579 1375 668 disputa·

227 693 334 758 tionis.
380 693 497 791 Itaque
525 715 590 758 non
617 694 711 782 plura
738 691 858 758 addere
886 691 1048 776 volumus,
1078 715 1174 780 quum
1205 715 1286 780 quae
1311 691 1376 756 satis

227 825 299 869 esse
321 803 473 869 videntur
494 803 535 868 ad
558 801 843 892 comprobandum,
867 826 932 868 non
954 812 1077 870 temere
1094 803 1185 871 illum
1202 802 1376 870 sententiam
1429 809 1430 844 l

227 937 246 980 a
269 914 361 980 nobis
385 935 456 979 esse
478 917 686 1002 propositam.
1429 855 1430 950 l

313 1024 452 1112 Saepius
476 1025 562 1113 apud
586 1023 796 1092 Aristotelem
818 1023 970 1110 legimns,
995 1025 1081 1114 quod
1103 1025 1199 1092 Plato
1221 1045 1272 1090 res
1294 1021 1377 1088 sensi·

200 1147 205 1158 ¹
226 1136 308 1201 biles
330 1135 476 1202 idearum
500 1157 570 1202 esse
592 1135 766 1224 participes
784 1133 879 1217 diost,
903 1157 1021 1202 vanum
1046 1145 1232 1224 cessatque
1253 1132 1378 1216 inane¹).

229 1245 298 1315 Iam
322 1255 357 1311 ut
379 1246 615 1334 intellegamus,
640 1269 737 1333 quem
761 1247 880 1312 habeat
903 1246 1170 1334 significationem
1194 1246 1272 1312 illud
1288 1245 1378 1312 Plato

154 1407 157 1410 -
226 1356 352 1438 uicum,
384 1379 437 1422 res
459 1357 594 1448 sensiles
618 1355 812 1444 participare
833 1357 938 1436 ideas,
968 1366 1096 1424 utamur
1126 1358 1276 1446 exemplo
1304 1353 1377 1444 quod

227 1467 291 1533 iam
313 1489 413 1555 supra
436 1466 613 1533 attulimus.
650 1468 740 1532 Deus
764 1489 804 1532 ex
820 1468 964 1535 Platonis
987 1469 1150 1539 sententia
1173 1469 1277 1535 visum
1299 1467 1377 1533 nobis

227 1579 361 1665 largitus
394 1587 456 1661 est,
485 1588 521 1643 nt
547 1579 609 1644 hec
638 1601 747 1646 rerum
774 1579 983 1644 universitate
1010 1579 1141 1667 cognita
1169 1589 1268 1668 atque
1290 1576 1378 1642 firmis

134 1763 136 1768 .
229 1700 261 1755 et
283 1691 506 1756 constantibus
530 1689 695 1754 stellarum
718 1689 877 1754 meatibus
899 1689 1078 1756 observatis
1101 1689 1142 1754 ad
1159 1688 1378 1778 philosophiam

227 1811 259 1867 et
281 1803 406 1868 animae
429 1800 629 1866 harmoniam
652 1801 907 1886 perveniremus.
944 1801 1054 1888 Atque
1075 1799 1161 1866 idem
1185 1797 1378 1866 iudicandum

227 1923 276 1978 est
305 1911 344 1980 de
372 1912 484 1998 lingua
515 1921 546 1976 et
573 1910 700 1994 auditu,
735 1909 995 1998 quandoquidem
1031 1921 1063 1976 et
1097 1911 1229 1998 linguae
1256 1933 1327 1976 usus
1352 1917 1378 1972 et

226 2045 377 2090 sonorum
406 2043 582 2110 eorumque
610 2023 798 2088 harmoniae
825 2021 988 2110 perceptio
1016 2021 1190 2110 plurimum
1219 2019 1324 2088 valent
1343 2015 1378 2083 ed

226 2133 385 2200 sedendas
415 2142 512 2220 atque
542 2132 795 2218 compescendas
825 2130 922 2197 animi
953 2130 1254 2220 perturbationes²t
1297 2131 1377 2196 Deus

225 2244 324 2331 igitur
351 2243 511 2309 hominem
541 2242 595 2308 ubi
628 2242 752 2308 creavit
779 2243 976 2329 cogitatione
1012 2242 1073 2308 sibi
1109 2243 1203 2310 finxit
1234 2267 1320 2325 eum,
1349 2247 1377 2306 ut

228 2357 335 2420 anima
367 2363 513 2419 uteretur
546 2349 725 2439 sapientiae
758 2362 791 2418 ct
823 2352 1010 2419 harmoniae
1043 2353 1151 2440 plena.
1205 2355 1297 2420 Haeo
1325 2350 1377 2418 fuit

226 2464 365 2530 hominis
399 2463 472 2528 idea
507 2473 604 2550 atque
631 2461 672 2527 ad
698 2463 781 2528 hanc
816 2462 895 2528 deus
925 2463 1011 2528 huno
1045 2463 1207 2533 hominem
1239 2461 1376 2532 sensilem

228 2569 408 2660 composuit
440 2571 629 2662 addiditque
658 2574 762 2640 visum
796 2583 829 2640 et
857 2573 1001 2640 auditum
1032 2597 1071 2640 ac
1098 2575 1258 2662 linguam,
1289 2583 1321 2640 ut
1350 2579 1377 2636 et

224 2695 336 2772 posset
358 2687 531 2773 pervenire
553 2688 593 2772 ad
616 2687 713 2752 finem
740 2685 941 2773 propositum
965 2697 996 2752 et
1018 2686 1209 2753 incitaretur
1229 2687 1267 2752 s'o
1282 2684 1377 2752 stimu-

225 2796 347 2862 laretur
370 2798 410 2860 ad
434 2796 523 2862 illum
548 2797 818 2884 persequendum.
864 2788 934 2862 Iam
963 2807 1100 2886 apparet
1127 2799 1205 2888 quid
1228 2797 1286 2864 sibi
1308 2792 1377 2860 velit

223 2906 304 2972 illud
328 2906 489 2974 hominem
515 2909 710 2996 participare
733 2906 850 2972 ideam.
894 2907 1014 2974 Effecit
1041 2908 1126 2974 enim
1151 2908 1230 2976 daus
1252 2903 1376 2973 hominis

224 3029 372 3084 naturam
402 3043 489 3101 eam,
520 3027 556 3083 ut
583 3018 675 3084 ideae
705 3017 901 3107 respondeat
923 3029 1021 3106 atque
1044 3021 1076 3085 in
1100 3020 1171 3107 ipso
1194 3019 1321 3106 insit0et
1340 3016 1376 3079 f-

227 3130 329 3195 cultas
358 3139 390 3195 et
418 3129 559 3195 studium
586 3129 672 3194 illius
700 3129 732 3194 in
758 3151 798 3193 se
826 3130 929 3217 magis
953 3130 1122 3219 magisque
1147 3128 1375 3218 exprimendae.

226 3241 330 3309 Simul
355 3264 431 3306 vero
455 3263 496 3305 ex
518 3240 567 3306 his
589 3239 803 3326 intellegitur,
828 3241 914 3328 apud
937 3229 1106 3308 Platonem
1128 3239 1210 3305 ideis
1234 3233 1376 3306 contineri

138 3365 149 3438 j
226 3377 355 3420 causum
378 3353 519 3420 finalem.
565 3353 598 3420 Is
623 3351 708 3418 enim
731 3351 867 3418 hominis
889 3352 962 3417 finis
986 3361 1044 3433 est,
1068 3360 1103 3417 ut
1125 3360 1273 3416 naturam
1295 3369 1374 3414 suam

226 3465 331 3551 magis
354 3476 387 3532 et
409 3464 514 3551 magis
537 3463 762 3532 accommodet
784 3461 825 3526 ad
848 3462 954 3531 ideam
978 3473 1010 3528 et
1032 3463 1116 3528 hanc
1138 3463 1172 3528 in
1195 3461 1374 3547 semetipso

223 3584 459 3664 repraesenter
483 3585 579 3664 atque
595 3575 636 3640 ob
654 3576 735 3639 hanc
753 3595 882 3640 causam
904 3573 1004 3639 utitur
1018 3573 1100 3654 visu,
1125 3572 1245 3657 auditu,
1267 3573 1374 3657 lingua.

225 3685 281 3753 Sic
305 3687 402 3751 etism
426 3683 511 3772 apud
526 3681 698 3751 Platonem
715 3705 797 3772 quae
820 3682 981 3749 inferioris
1004 3693 1079 3750 sunt
1102 3681 1222 3750 ordinis
1246 3681 1375 3749 serviunt

224 3797 402 3886 potioribus
432 3795 803 3883 praestantioribusque,
838 3793 870 3859 in
901 3817 966 3883 quo
994 3818 1111 3862 causae
1139 3795 1244 3860 finalis
1271 3802 1373 3859 natura

226 3931 346 3996 magna
374 3930 416 3974 ex
437 3917 531 3996 perte
554 3904 709 3972 consistit.
755 3905 801 3972 Et
829 3915 937 3974 tamen
961 3905 1153 3972 Aristoteles
1182 3899 1375 3994 reprehendit

226 4017 374 4108 magistri
404 4019 599 4096 doctrinam,
632 4015 718 4104 quod
749 4015 785 4083 in
814 4039 852 4082 ea
879 4037 977 4084 causa
1001 4016 1110 4082 'finalis
1138 4009 1373 4095 desiderauit.

1429 4169 1430 4234 l

1429 4249 1430 4314 l

1429 4395 1430 4433 l

297 4209 314 4274 ¹)
334 4209 396 4260 Met.
417 4209 449 4274 A,
469 4212 493 4260 9.
511 4211 563 4262 992
578 4225 594 4259 u
607 4211 656 4260 28:
675 4203 704 4258 τὸ
717 4203 772 4276 γὰρ
784 4208 919 4277 μετέχειν,
939 4202 1033 4279 ὥσπερ
1053 4208 1101 4260 καὶ
1113 4201 1250 4278 πρότερον
1262 4208 1372 4274 εἴπομεν,

224 4293 308 4352 οὐθέν
327 4295 409 4353 ἔστιν.

299 4385 317 4452 'l
336 4387 405 4442 Plat.
423 4385 493 4436 Tim.
512 4385 584 4440 461).

298 4473 897 4542 umchMcamm.
