2870 5076
530 423 739 490 ..73-

78 591 160 658 lrssc:
188 591 251 658 alio
278 601 383 660 sutem
408 601 464 659 aut
484 593 647 676 seiuncta,
675 594 706 660 h.
722 615 750 658 e.
783 595 869 684 quod
900 592 945 660 ita
973 603 1021 660 est
1048 594 1150 679 aliud,
1181 603 1217 661 ut

75 703 237 770 substantia
252 727 272 770 a
286 704 440 770 sensitivo
456 704 595 786 differat,
618 714 674 772 sut
689 729 737 787 eo,
762 702 848 794 quod
864 703 910 772 ita
925 714 974 770 est
989 704 1085 786 aliud,
1108 727 1217 794 quern·

74 811 228 882 admodum
254 813 341 880 linea
372 812 435 878 alia
464 823 514 880 est
541 814 596 880 ubi
623 815 807 898 inflectitur,
843 813 907 880 alia
938 813 993 880 ubi
1021 815 1214 897 extenditur,

74 923 98 988 lr.
113 947 137 990 e.
157 925 232 1007 alio,
255 923 341 1013 quod
364 923 544 990 substantia
567 925 694 1013 quidem
718 926 803 990 idem
827 935 876 991 est
898 935 995 1013 atque
1017 923 1216 1008 sensitivam,

74 1032 166 1100 differt
187 1045 295 1102 sutem
317 1034 358 1101 ab
380 1057 419 1100 eo
442 1035 571 1102 notione
599 1035 667 1100 sive
695 1035 789 1100 modo
812 1035 891 1124 (quo
913 1034 1071 1102 vocabulo
1095 1036 1148 1102 hic
1170 1036 1216 1102 ita

75 1146 188 1226 utimur,
214 1157 251 1212 ut
272 1145 420 1235 proxime
443 1144 577 1211 accedat
598 1143 639 1210 ad
661 1145 928 1232 significationem
952 1169 1049 1234 quum
1072 1144 1217 1235 Spinoas

74 1255 135 1319 huic
155 1257 222 1322 roci
246 1255 398 1342 subiecit)
420 1256 525 1322 carnis
548 1257 710 1322 notionem
734 1254 880 1342 percipit.
920 1256 1051 1324 Etenim
1074 1255 1160 1322 linea
1184 1265 1217 1320 et

74 1387 133 1430 cum
147 1365 319 1432 inflectitur
334 1376 367 1430 et
383 1389 454 1432 oum
471 1365 666 1447 extenditur,
682 1366 863 1430 substantia
880 1366 1009 1454 quidem
1027 1376 1075 1431 est
1091 1364 1215 1447 eadem,

72 1473 183 1542 diversa
204 1476 299 1544 modo
322 1485 354 1540 et
375 1477 515 1543 notione.
556 1475 652 1556 Quod
668 1476 859 1542 Aristoteles
881 1485 918 1542 ut
933 1476 1128 1553 ostenderet,
1150 1499 1215 1566 non

73 1583 140 1650 dixit
160 1581 239 1675 ὡςὴ
256 1585 459 1672 κεκλασμένη
473 1583 540 1670 ἔχει
560 1585 647 1675 πρὸς
667 1585 727 1675 τὴν
750 1581 900 1665 εὐθεῖαν,
923 1587 979 1652 sed
1004 1583 1090 1673 πρὸς
1113 1580 1217 1674 αὑτὴν

71 1691 138 1762 isos
157 1695 295 1789 ἐκποθῇ,
323 1723 387 1787 quo
416 1699 550 1766 eandem
580 1719 712 1764 manere
741 1698 971 1778 substantiam,
1003 1697 1135 1764 modum
1164 1720 1216 1764 ex·
1252 1694 1254 1702 ’

70 1805 168 1874 sistere
183 1811 278 1876 aliurn
294 1811 413 1898 optime
428 1807 639 1896 significatur.
674 1809 858 1874 Illustratur
873 1807 972 1896 igitur
991 1808 1043 1873 hic
1066 1809 1215 1897 exemplo

71 1915 241 2006 discrimen,
282 1920 367 2009 quod
393 1941 491 2007 supra
517 1918 719 1984 iudicaverat
746 1917 854 1985 verbis
882 1913 905 2006 ἢ
932 1911 1024 2006 ‹itta›
1053 1911 1076 2006 ἢ
1105 1911 1216 1999 iltius

71 2021 163 2108 ἵκοντι
173 2029 206 2116 ¹).

144 2142 179 2207 ln
202 2143 240 2208 iis
264 2164 347 2231 quae
369 2143 515 2231 proxime
530 2149 710 2230 sequuntur
726 2138 928 2221 Aristoteles,
953 2164 1027 2228 quo,
1051 2142 1082 2206 h.
1099 2162 1127 2206 e.
1152 2163 1216 2229 qua

71 2263 149 2336 parte
174 2253 242 2318 sive
271 2253 432 2336 facultate,
462 2275 552 2318 mens
575 2250 745 2336 intellegat
768 2269 822 2314 res
843 2251 1086 2317 mathematicas
1108 2249 1214 2314 docet.

72 2361 247 2428 Absolvitur
269 2373 377 2430 autem
401 2366 639 2451 argumentatio
664 2362 788 2427 verbis:
817 2361 873 2428 aori
895 2359 982 2441 ὅλως
1003 2354 1068 2448 ἔρα
1091 2354 1138 2440 ὣς
1157 2385 1216 2443 χιο-

71 2471 154 2554 omi
175 2471 216 2541 sti
240 2469 421 2561 πράγματα
447 2476 506 2563 τῆς
535 2469 633 2562 ὅλης,
663 2469 753 2540 οὕτω
780 2471 837 2540 aui
864 2471 906 2540 τὰ
935 2471 1101 2563 saepiaris
1130 2475 1216 2554 νοῦν,

73 2597 198 2673 ,atque
221 2586 380 2651 omniuo
405 2584 734 2673 quemadmodum
759 2585 947 2650 notiones
968 2594 1216 2672 segregatae

72 2697 373 2780 suutamateria,
396 2701 454 2762 ita
477 2719 540 2762 res
564 2695 678 2760 etiam
701 2697 739 2760 iu
756 2705 941 2771 mentesa
957 2695 1113 2779 lrabet,“
1137 2695 1168 2760 h.
1186 2719 1214 2760 e.

73 2803 108 2866 its
128 2807 219 2873 etiam
242 2830 333 2874 mens
357 2807 511 2873 materiae
533 2807 684 2873 immunis
708 2817 765 2871 est.

143 2916 306 2984 Universa
331 2918 430 3006 igitur
461 2919 698 3005 argumentatio
732 2929 781 2986 ast
811 2920 901 2984 haec.
946 2919 1013 2984 Res
1047 2925 1216 2982 concretae

73 3035 98 3087 et
116 3027 257 3093 notiones
286 3027 370 3094 inter
391 3050 427 3094 se
451 3028 621 3110 differunt,
649 3053 746 3118 quam
778 3031 819 3096 ob
849 3051 978 3094 causam
1002 3049 1092 3092 mens
1116 3034 1216 3091 utras

73 3155 125 3220 qus
139 3159 200 3202 non
218 3134 340 3221 eodem,
364 3139 396 3202 h.
413 3162 439 3204 e.
463 3160 527 3204 nou
544 3139 655 3204 eadem
672 3149 764 3228 parte
780 3141 847 3205 sive
863 3139 1024 3222 facultate,
1048 3137 1216 3225 percipere

185 3289 188 3298 t

71 3311 257 3328 ψ

137 3419 154 3484 Ι)
171 3421 209 3472 Cf.
229 3423 280 3472 stt
293 3421 311 3472 b
325 3423 370 3472 20:
395 3418 477 3488 ἑτέρῳ
499 3413 554 3489 ἄρα
571 3415 588 3486 ἢ
608 3419 704 3486 ἑτέρως
722 3419 813 3486 ἔχοντι
833 3423 929 3490 κρίνει.
965 3419 1007 3484 11,
1027 3423 1052 3470 ².
1072 3421 1124 3470 41³
1136 3416 1154 3468 b
1168 3421 1216 3468 ts:

72 3505 109 3554 rol
126 3507 148 3558 sl
163 3505 273 3578 μόριον,
293 3503 410 3572 πότερον
429 3505 514 3566 οὕτως
531 3504 684 3561 οἳοτίεἶνοι
698 3507 837 3576 χωριστόν
856 3505 929 3575 λόγῳ
940 3503 1031 3578 μόνον
1043 3499 1059 3572 ἣ
1072 3506 1118 3556 scal
1130 3499 1216 3570 τόπῳ.

72 3591 111 3656 Ill,
127 3601 150 3647 4.
170 3599 217 3648 in:
244 3597 313 3664 Περὶ
332 3594 361 3648 δὲ
381 3597 429 3648 τοῦ
447 3599 549 3666 μορίου
567 3597 616 3648 τοῦ
635 3597 680 3661 τῆς
699 3597 788 3664 ψυχῆς
806 3582 828 3664 ᾧ
846 3591 975 3665 γινώσκει
994 3611 1022 3646 τε
1040 3587 1056 3658 ἢ
1076 3589 1151 3659 ψυχὴ
1170 3592 1216 3643 sal

72 3687 166 3748 spousi,
184 3685 235 3737 sira
251 3685 391 3752 χωριστοῦ
412 3676 490 3742 ὄντος
509 3686 559 3736 εἴτε
574 3686 620 3736 καὶ
632 3681 671 3754 μὴ
678 3685 819 3754 χωριστοῦ
831 3680 900 3735 κατὰ
917 3685 1039 3753 μέγεθος
1057 3677 1126 3732 ἀλλὰ
1146 3675 1215 3732 κατὰ

4 3843 5 3846 ¹
71 3765 143 3834 lires
160 3775 215 3823 nl.
253 3773 314 3826 Alia
332 3779 411 3840 atque
428 3789 478 3824 nos
498 3777 592 3824 statuit
610 3772 877 3840 Trendclenburgius,
896 3773 943 3840 qni
961 3775 1098 3822 comment.
1124 3785 1148 3834 p.
1163 3771 1215 3819 477

72 3859 202 3922 ,lullsxs‘,
225 3862 272 3924 sit,
292 3861 379 3924 ,lines
397 3877 411 3912 e
428 3869 500 3913 recta
517 3868 580 3913 nuta
598 3861 729 3928 posterius
748 3861 850 3928 aliquid
868 3867 918 3924 ast,
940 3859 983 3910 eui
1001 3865 1074 3909 recta
1091 3863 1216 3922 tauquam

70 3951 133 4012 prius
150 3950 249 4002 subest.
286 3949 315 4000 Si
339 3949 462 4001 inflexam
486 3951 514 4000 in
537 3957 634 4000 rectam
658 3965 750 4000 rursus
773 3947 935 4010 extenderis,
959 3947 1080 4012 princeps
1104 3943 1171 3994 illud
1190 3949 1216 3994 et

70 4049 140 4088 cansa
156 4039 312 4089 restituitur.
349 4037 391 4088 Its
408 4051 490 4100 msus,
510 4038 534 4088 si
553 4038 696 4100 notionem,
716 4052 854 4102 quaeram
873 4035 1011 4086 constituit
1029 4041 1153 4098 tannsm
1172 4029 1216 4082 lex

69 4131 90 4170 ct
110 4139 199 4188 musa,
226 4125 400 4188 intellexerit,
425 4125 489 4186 hoe,
514 4125 584 4191 qaod
601 4123 707 4188 subest,
733 4123 862 4188 sublatis,
887 4137 954 4188 qnae
979 4121 1103 4172 materiae
1121 4125 1216 4170 ustura

70 4213 161 4264 rotoni
179 4213 346 4276 aeciderunt,
369 4215 397 4264 in
417 4213 572 4280 dignitatem
590 4213 708 4264 restituit
726 4215 828 4266 susm·
866 4209 942 4272 Quod
961 4211 988 4260 in
1008 4207 1097 4260 verbis
1115 4207 1216 4258 Aristo-

70 4299 122 4350 telis
144 4303 230 4354 iussos
253 4317 330 4368 posse
353 4317 405 4353 non
429 4315 565 4367 negamus.
601 4301 699 4352 'l'smsn
723 4301 812 4366 aptius
840 4299 917 4352 nobis
940 4297 1133 4366 argumentatio
1157 4311 1215 4362 pro·

71 4388 135 4450 pedi
153 4391 264 4452 videtur,
284 4391 308 4441 si
327 4389 400 4442 illam
420 4403 498 4456 quam
517 4389 701 4454 proposuimus
720 4388 853 4440 notionem
872 4385 1027 4440 subicimuu
1058 4384 1109 4436 Sed
1121 4383 1154 4436 de
1166 4381 1217 4438 lsso

71 4475 165 4540 quidem
182 4494 210 4530 rs
228 4477 358 4534 iudicium
375 4479 411 4532 sit
428 4491 508 4548 penes
527 4475 603 4530 alios.
