2934 5076
702 375 889 468 '‘2'.

305 559 460 630 Videmus
487 552 584 640 igitur
606 549 812 640 Aristotelem
841 554 993 636 quattuor
1022 566 1102 633 quas
1130 545 1237 632 posuit
1265 567 1375 611 causas

223 704 265 746 cx
301 677 372 765 ipsa
407 689 514 734 rerum
547 669 663 727 natura
697 681 870 746 earumque
906 653 1159 724 consideratione
1197 655 1374 743 repetiisse.

219 793 337 878 Neque
359 781 463 849 minus
485 775 518 840 id
541 779 676 860 apparet
698 792 739 835 ex
760 767 1053 858 metaphysicorum
1075 764 1149 830 libri
1171 766 1267 854 primi
1286 774 1377 855 parte

223 923 276 983 ea,
303 896 359 964 ubi
387 887 547 957 doctrinas
571 905 590 946 e
612 879 810 968 pbilosophis
839 877 1012 966 superioris
1037 876 1156 966 laetatis
1188 875 1378 942 constitutas

221 1009 327 1079 tradit.
362 1001 491 1070 Profert
506 994 591 1061 enim
610 992 723 1057 eadem
745 1011 829 1078 quae
852 989 914 1052 iam
930 987 1067 1054 vidimus
1090 1009 1198 1053 rerum
1221 983 1380 1073 principia

223 1124 354 1189 ineunte
378 1110 483 1198 eapite
506 1105 600 1173 tertio
623 1100 917 1188 metaphysieorum
939 1098 1013 1164 libri
1036 1097 1139 1185 primi,
1161 1096 1218 1166 ubi
1240 1096 1274 1162 in
1295 1097 1381 1160 hunc

223 1231 367 1300 ordinem
395 1229 469 1288 sunt
497 1215 640 1282 redacta:
668 1211 805 1298 primum
841 1209 884 1274 ait
913 1231 1043 1279 causam
1074 1229 1145 1272 esse
1167 1205 1381 1274 substantiam

224 1353 256 1409 et
283 1337 448 1405 notionem
476 1323 735 1404 substantialem,
768 1317 827 1408 τὴν
856 1313 974 1386 οὐσίαν
1002 1317 1058 1386 καὶ
1085 1315 1124 1386 τὸ
1153 1313 1186 1394 τί
1214 1308 1254 1406 ἧν
1283 1307 1381 1395 εἶναι,

222 1453 286 1519 983
307 1473 326 1514 a
348 1447 404 1528 27,
433 1437 549 1508 deinde
577 1433 742 1501 materiam
772 1441 804 1496 et
834 1430 1046 1515 substratum,
1074 1427 1134 1518 arlo
1156 1425 1238 1515 ὕλην
1266 1426 1322 1494 καὶ
1344 1425 1383 1494 τὸ

223 1553 452 1642 ὑποκείμενον,
476 1546 647 1627 983829,
678 1553 746 1608 tum
777 1539 808 1606 id
837 1539 923 1607 unde
951 1549 1056 1606 motus
1085 1538 1265 1622 exoriatur,
1300 1533 1386 1605 ὅθεν

220 1669 240 1764 ἡ
268 1667 347 1762 ἀρχὴ
372 1669 430 1755 τῆς
453 1655 622 1750 κινήσεως,
644 1653 707 1718 983
724 1675 743 1716 a
758 1652 809 1735 30,
834 1650 973 1738 denique
988 1650 1020 1714 id
1040 1652 1129 1723 cuius
1147 1673 1246 1715 causa
1262 1649 1385 1737 aliquid

134 1785 138 1798 ⁸
223 1787 281 1852 liat
304 1792 336 1848 et
357 1781 496 1857 bonumr
521 1769 559 1838 td
584 1755 624 1836 οὗ
647 1761 740 1831 ἕνεκα
763 1759 819 1829 καὶ
840 1753 1003 1848 τάγαθόν,
1025 1761 1088 1826 983
1104 1784 1123 1825 a
1137 1762 1190 1826 31.
1238 1758 1313 1839 Qua
1339 1784 1386 1826 ra-

223 1898 311 1964 tione
340 1900 446 1957 autem
478 1883 518 1948 ad
552 1881 610 1946 has
639 1899 747 1942 rerum
781 1896 893 1940 causas
927 1870 1112 1938 statuendas
1145 1871 1385 1958 perveniamus,

225 2007 283 2078 etsi
307 2004 426 2070 diserte
448 2020 512 2064 non
535 1990 622 2073 dicit,
644 1999 753 2054 tamen
771 1986 864 2051 exiis
881 2004 964 2073 quae
984 1987 1163 2070 sequuntur
1186 2003 1386 2068 cognoscere

222 2118 307 2186 licet.
351 2095 437 2180 Nam
460 2097 659 2196 proferendis
683 2097 827 2185 priorum
856 2091 1119 2182 philosophorum
1142 2090 1297 2162 doctrinis
1318 2115 1386 2158 non

224 2227 319 2298 modo
343 2227 404 2290 hoc
429 2219 648 2284 demonstrare
677 2207 799 2290 studet,
826 2203 999 2270 constituta
1026 2225 1095 2267 esse
1123 2199 1204 2267 haec
1227 2202 1386 2290 principia

223 2342 286 2407 iam
315 2344 389 2402 aute
417 2354 451 2396 se
480 2353 499 2393 a
530 2319 727 2414 pbilosophis
758 2337 864 2404 neque
900 2312 986 2378 aliud
1020 2321 1188 2401 praeterea
1217 2335 1387 2378 causarum

224 2471 327 2540 genus
355 2469 374 2510 a
407 2461 570 2530 quoquam
600 2454 670 2500 esse
699 2436 878 2518 repertum,
913 2443 1026 2489 verum
1056 2421 1152 2487 etiam
1186 2423 1274 2490 aliud
1309 2422 1388 2510 quid

223 2561 316 2626 inest.
361 2553 439 2622 Una
461 2549 547 2614 enim
571 2545 676 2626 docet,
700 2563 772 2606 cum
787 2535 932 2604 homines
948 2533 1223 2623 progrederentur
1238 2532 1272 2598 in
1288 2533 1388 2605 rebus

226 2663 467 2738 considerandis
502 2677 676 2744 earumque
706 2649 810 2719 causis
837 2644 1085 2732 investigandis,
1124 2643 1202 2735 quin
1233 2653 1389 2733 quattuor

225 2783 307 2848 haec
330 2773 490 2865 principia
513 2773 739 2858 agnoscerent,
763 2759 835 2825 fieri
857 2757 986 2824 omnino
1010 2778 1074 2825 non
1097 2755 1258 2844 potuisse,
1289 2765 1389 2848 atque

224 2894 294 2983 ipsa
324 2889 371 2955 rei
401 2895 516 2952 natura
544 2891 575 2946 et
603 2877 749 2956 veritate,
784 2873 865 2935 baec
893 2865 1052 2956 principia
1079 2872 1115 2930 ut
1144 2866 1387 2950 constituerent,

224 3001 432 3094 philosophos
456 2993 636 3082 superiores
661 3007 731 3052 esse
747 2989 875 3049 coactos
888 2979 921 3064 ¹).
952 2975 1049 3056 Quod
1071 2976 1179 3066 paullo
1205 2977 1388 3043 accuratius
1453 3003 1454 3042 ι

224 3113 385 3202 inspicere
407 3109 478 3196 ipsa
501 3103 549 3170 rei
572 3098 731 3188 gravitate
753 3091 856 3160 iuberi
877 3088 969 3155 nobis
985 3088 1141 3156 videmur.
1185 3087 1297 3153 Primo
1321 3088 1390 3180 qui.

227 3226 299 3291 dem
327 3216 535 3309 philosophos
564 3211 657 3276 docet
686 3230 751 3272 non
779 3204 924 3292 posuisse
952 3221 1081 3264 cansam
1102 3197 1164 3266 nisi
1186 3197 1390 3264 materialem

227 3337 359 3422 eiusque
390 3339 446 3396 aut
475 3347 575 3392 unum
605 3327 660 3385 aut
694 3312 871 3403 compluria
902 3332 1032 3398 genera.
1087 3307 1182 3387 Quod
1215 3317 1391 3398 postquam

224 3445 337 3534 paucis
361 3437 509 3528 exposuit
530 3427 732 3526 proferendis
757 3423 890 3510 singulis
907 3419 1107 3512 superiorum
1124 3417 1391 3506 philosophorum

226 3551 396 3632 doctrinis,
425 3551 530 3635 ipsam
561 3544 608 3612 rei
637 3551 786 3610 naturam
813 3535 859 3602 ait
888 3532 950 3598 illis
978 3531 1063 3597 viam
1091 3527 1267 3600 munivisse
1291 3538 1390 3616 atquc

227 3663 381 3752 coegisse,
405 3669 441 3725 ut
463 3655 642 3723 accuratius
658 3651 691 3716 in
711 3671 763 3714 res
784 3646 991 3735 inquirerent.
1024 3640 1111 3706 Nam
1134 3637 1259 3705 etiamsi
1283 3639 1391 3705 omnis

227 3785 316 3844 ortus
344 3782 441 3859 atque
468 3766 615 3834 interitus
647 3784 687 3827 ex
714 3783 779 3824 uno
807 3767 862 3824 aut
889 3780 907 3823 e
938 3751 1155 3838 compluribus
1184 3748 1239 3830 sit,
1265 3757 1378 3814 tamen

227 3909 290 3974 quo
324 3882 498 3962 efficiatur,
533 3898 603 3942 esse
636 3869 864 3958 quaerendum.
909 3865 1044 3934 Minime
1072 3859 1389 3942 enim,substratum

227 3997 349 4084 ipsum,
372 4002 409 4059 ut
430 3997 616 4069 moveatur,
639 3983 746 4048 faeere
768 4003 879 4069 posse,
907 4001 984 4044 nam
1005 3998 1111 4065 neque
1133 3972 1257 4059 lignum
1279 3991 1390 4058 neque

301 4198 319 4264 ¹)
338 4197 400 4248 Met.
420 4194 452 4255 A,
477 4193 599 4276 ‘3398st
615 4190 658 4239 18:
682 4178 838 4253 προϊόντων
863 4173 892 4230 d’
913 4173 997 4234 οὕτως
1022 4171 1089 4228 αὐτὸ
1113 4170 1143 4226 τὸ
1169 4171 1289 4242 πρᾶγμα
1314 4165 1391 4222 oido-
1453 4187 1454 4256 p

227 4287 342 4351 ποίησεν
368 4279 460 4338 αὐτοῖς
486 4279 533 4330 καὶ
558 4269 749 4342 συνηνάγκασε
768 4272 861 4336 ζητεῖν.
899 4266 1023 4319 esebo:
1048 4259 1131 4318 πάλιν
1156 4255 1205 4312 ὑπ’
1234 4255 1318 4325 αὐτῆς
1342 4257 1390 4324 τῆς
1453 4259 1454 4276 ’

227 4371 370 4439 ἀληθείας,
394 4365 487 4436 ὥσπερ
510 4367 639 4438 εἴπομεν,
665 4352 885 4430 ἀναγκαζόμενοι
909 4353 957 4423 τὴν
980 4353 1116 4424 ἐχομένην
1138 4343 1269 4416 ἐζήτησαν
1289 4341 1388 4416 ἀρχὴν.

226 4463 306 4534 Phys.
326 4461 347 4528 Ι,
367 4462 391 4512 5.
414 4461 462 4510 188
475 4456 492 4510 b
506 4459 547 4510 29.
1453 4443 1454 4448 ’
