2950 5076
752 391 795 464 m

139 658 143 666 .
210 598 284 670 reet,
308 609 367 670 quo
384 583 421 647 τέ
436 589 609 671 excipiatur.
642 588 704 650 Sed
723 590 788 650 slis
804 581 1012 653 sententiarum
1025 593 1107 652 ratio
1130 601 1185 655 eet.
1223 590 1336 652 Aristo-

209 693 276 753 telis
300 693 378 790 enim
398 713 463 752 eum
485 701 555 753 ente
583 693 717 792 populi
707 695 831 774 rmperio
866 691 1031 754 eoudueere
1062 693 1202 771 dixisset,
1238 693 1261 752 si
1285 711 1336 770 pe·

209 795 296 876 pulus
312 804 426 856 crearet
444 793 564 876 quidem
578 786 777 873 magistratus,
798 796 885 856 sed
865 817 886 854 ιι
903 805 1014 856 tentum
1030 798 1122 856 creari
1136 804 1265 876 possent,
1285 795 1337 872 qui

170 905 177 957 ’.
210 907 321 960 eertem
345 896 493 977 quendam
514 899 670 977 pecuniam
689 897 915 979 possiderent,
901 919 966 976 Jem
986 898 1218 978 παρενθιτικώς
1233 915 1337 956 causas

197 999 289 1074 ‚illius
310 1019 352 1060 rer
344 1001 453 1060 'effert
474 1019 499 1059 οι
490 999 592 1079 quid
598 998 684 1060 video
699 999 789 1060 dues:
812 1001 934 1060 alteram
957 1000 1035 1080 quod
1053 1001 1183 1060 futurum
1197 1007 1284 1074 esset,
1303 1006 1337 1056 ut

210 1103 312 1190 optimi
329 1097 551 1186 magistratibus
571 1083 788 1180 fungerentur,
797 1103 921 1162 alteram
940 1101 1019 1184 quod
1041 1103 1172 1183 populus·
1187 1100 1259 1170 iilud
1277 1118 1335 1157 neu

210 1227 300 1286 aegre
314 1206 426 1286 laturus
440 1209 534 1278 esset}
557 1225 646 1284 quam
667 1205 843 1278 seutentiam
859 1207 968 1284 optime
983 1198 1143 1264 Stehrius'
1133 1213 1176 1265 rte
1193 1199 1335 1263 vertendo

28 1365 32 1372 .
94 1331 104 1347 ²
211 1307 353 1370 reddidit.
375 1305 476 1383 „deun
498 1305 545 1368 die
567 1299 691 1368 Aemter
712 1305 833 1367 werden
865 1309 971 1366 immer
991 1308 1021 1392 iu
1051 1307 1108 1368 den
1133 1305 1261 1365 thden
1278 1285 1337 1362 der

208 1412 319 1470 Besten
349 1411 427 1492 sein,
464 1409 526 1468 und
549 1425 647 1468 zwar
659 1410 714 1469 mit
714 1395 943 1486 ¹Zustimmung
972 1409 1026 1468 des
1046 1408 1142 1468 Volks
1176 1405 1237 1468 und
1259 1389 1335 1465 ohue

192 1494 278 1574 'dees
310 1529 342 1572 es
364 1511 412 1570 die
434 1507 613 1572 Gebildeten
647 1511 812 1572 beneidete.
816 1513 832 1541 “
876 1512 939 1570 Nos
978 1520 1057 1571 reete
1087 1509 1222 1587 judicare
1254 1509 1335 1566 loeus

116 1635 118 1640 ’
208 1635 246 1676 ex
263 1613 354 1677 Rhei.
377 1612 417 1672 sd
440 1611 530 1675 Alex
544 1612 743 1690 demonstret,
765 1615 818 1694 qui
843 1605 946 1673 similis
972 1622 1017 1672 est
1006 1613 1104 1672 tloeo
1124 1633 1214 1692 quem
1232 1617 1336 1670 traete·

207 1735 282 1792 mus,
309 1712 401 1778 1424.
424 1735 460 1794 ιι.
476 1713 615 1778 15-19:
644 1703 729 1773 οὕτω
751 1711 813 1796 γάρ
835 1711 852 1772 ὁ
875 1710 931 1794 μέν
953 1713 1047 1794 δῆμος
1068 1709 1168 1794 κύριος
1191 1702 1233 1772 ὢν
1252 1703 1337 1768 διδό-

111 1839 116 1846 ·
208 1837 261 1875 ναι
281 1809 342 1887 τοὶς
359 1809 457 1895 τιμοὶς
479 1804 589 1886 οἶςόἲν
610 1812 699 1896 seete
718 1824 790 1887 τοῖς
810 1808 1028 1896 λαμβάνουσιν
1044 1809 1147 1886 αὐτοὶς
1169 1811 1206 1872 οὗ
1221 1804 1337 1894 φθονή-

207 1909 264 1995 σει,
287 1919 317 1976 οἱ
339 1911 366 1974 δ’
381 1912 622 1999 ἐπιφανέστερα
643 1917 766 1998 μᾶλλον
786 1939 846 1988 την
865 1917 1109 1996 καλοκαγαθίαν
1131 1907 1336 1988 οἶσιιήσονσιν,

208 2008 363 2092 εἰδότες
346 2040 399 2078 οτι
419 2023 461 2076 τό
488 2011 580 2101 παρὰ
598 2027 672 2100 τοῑς-
697 2005 846 2090 πολίταις
875 2013 1046 2099 εὐδοκιμεῖν
1073 2015 1129 2078 οὐκ
1157 2010 1339 2086 ἀλυσιτελὲς

114 2193 133 2207 ..
207 2119 320 2193 αὐτοῖς
343 2122 449 2185 ἔσται..
490 2122 585 2182 Simili
603 2122 689 2182 modo
713 2121 763 2182 illo
789 2123 979 2184 Politiedrum
1000 2123 1111 2183 loeo
1088 2144 1112 2182 οι
1136 2123 1278 2181 οοιισίιιιιο
1293 2117 1337 2179 di·

208 2245 274 2285 eere
297 2224 441 2284 voluisset
464 2219 650 2297 Aristoteles,
674 2224 861 2286 scribendum
883 2227 1001 2286 fuisset:
1039 2219 1133 2282 αἵτε
1154 2215 1217 2303 γοὶρ
1239 2213 1338 2301 ἁρχαὶ

187 2317 256 2410 ἀἰεὶ
282 2318 335 2382 διὰ
360 2331 426 2384 τῶν
451 2321 628 2406 βελτίστων
653 2326 786 2384 ε”σονται
813 2325 867 2385 καὶ
898 2323 915 2386 ὁ
941 2324 1034 2405 δῆμος
1064 2319 1256 2404 βουλήσεται
1283 2318 1339 2380 καὶ

95 2491 98 2500 ,
207 2435 278 2499 τοῖς
298 2422 458 2485 ἐπιεικέσιν
475 2420 512 2484 οὐ
533 2418 698 2506 φθονήσει,
722 2446 787 2488 eum
803 2449 874 2489 vero
895 2432 1020 2490 alterum
1047 2428 1212 2488 membrum
1239 2425 1338 2486 minus

209 2537 347 2592 scemate
369 2530 555 2608 expresserit,
580 2549 641 2588 ιιοιι
660 2537 722 2590 tem
744 2531 904 2609 singularis
926 2531 1046 2612 quidem
1067 2531 1278 2610 particularum
1301 2524 1338 2586 τὲ

172 2675 176 2685 .
208 2625 269 2713 γάρ
289 2651 361 2692 usus
383 2631 557 2693 statuendus
592 2641 636 2692 est
661 2651 751 2710 quem
784 2633 977 2706 anacoluthis,
1013 2635 1044 2692 in
1079 2653 1138 2712 qua
1159 2651 1226 2691 eum
1257 2630 1337 2710 apud

207 2717 310 2796 omnes
345 2735 503 2814 seriptores
538 2733 669 2802 Graecos
701 2743 763 2793 tum
796 2727 825 2794 in
858 2736 1028 2796 Aristotelis
1053 2735 1188 2805 Politieis
1217 2735 1336 2794 minime

206 2836 392 2898 offendimus.
420 2837 546 2920 Restant
572 2836 631 2896 loei
653 2857 729 2918 quos
750 2837 887 2897 Klotzius
909 2838 1004 2898 affert.
1049 2835 1141 2900 1¹25.ss
1168 2857 1195 2898 ιι.
1219 2834 1261 2898 23
1290 2856 1336 2895 re·

64 2969 67 2974 ·
152 2979 155 2984 ·
207 2938 383 3020 spondetv
362 2937 456 3001 v·29
489 2933 598 3017 ὁμοίως
620 2933 654 2995 δέ
675 2935 736 3010 καί,
758 2949 863 2998 contre
884 2940 966 2999 loeus
990 2939 1081 3003 1332
1105 2940 1133 3001 b.
1155 2935 1195 3000 41
1220 2938 1346 3000 videtur«

119 3049 121 3055 ‘
207 3043 360 3122 eerruptus
384 3059 459 3104 esse
504 3039 579 3100 Cum
602 3043 679 3100 enim
700 3023 880 3101 antecedent
899 3021 1004 3101 verba:
1039 3041 1109 3098 ἔστι
1130 3035 1184 3118 μὲν
1206 3032 1271 3120 ἄρα
1298 3035 1336 3110 uie

151 3149 155 3156 “
206 3160 281 3214 τονς
299 3134 417 3212 αὐτοές
437 3133 543 3222 ἄρχειν
564 3139 617 3199 καὶ
641 3135 800 3223 ἄρχεσθαι
821 3138 957 3224 φατέον,
991 3145 1061 3200 έστι
1084 3137 1165 3199 δὲ’
1142 3162 1181 3214 ως
1203 3137 1333 3222 ἑτέρους.

207 3231 289 3312 ὥστε
312 3241 366 3302 καὶ
385 3237 624 3313 τὴνπαιδεέοιν
646 3245 735 3302 ἐστιν
757 3242 796 3313 sig
826 3236 885 3313 τὴν
907 3236 1009 3332 αὐτὴν
1032 3219 1228 3323 οἰναγιιαῖον,
1266 3245 1335 3301 ἔστι

207 3341 278 3404 δ”
256 3367 295 3416 ως
316 3341 475 3425 ἑτέραν
446 3365 527 3404 ιιναι
548 3353 740 3424 expectamus
755 3354 787 3406 ut
809 3345 894 3407 duae
909 3367 1017 3408 eausee
1039 3341 1207 3422 effetentur,
1229 3347 1334 3428 quibus

96 3525 102 3530 Ι
205 3457 363 3528 utrumque
399 3448 555 3526 probetur.¹
607 3445 696 3520 Quod
736 3447 857 3508 minime
890 3450 936 3523 fit,
982 3467 1048 3508 οοιιι
1084 3447 1160 3508 nihil
1197 3458 1335 3530 sequetur

204 3550 262 3609 nisi
284 3549 393 3610 verbe:
416 3543 477 3606 τόν
498 3567 535 3604 τε
557 3540 619 3626 γάρ
640 3544 799 3628 μέλλοντα
821 3541 957 3621 καλῶς’
936 3570 1043 3629 αρχιιν
1064 3536 1222 3629 ἀρχθῆναί
1252 3559 1335 3632 φασι

204 3649 271 3709 δεῖν
292 3669 422 3731 πρατον
446 3644 528 3732 (ιιιιιι
551 3667 627 3729 quse
647 3659 716 3730 post
737 3668 772 3712 ee
795 3662 958 3732 sequuntur
989 3652 1027 3712 ad
1049 3654 1137 3712 aliem
1158 3671 1220 3712 rem
1244 3655 1334 3734 perti·

170 3798 173 3805 ·
204 3743 297 3832 nent),
320 3762 355 3811 ut
389 3751 500 3832 aliquid
520 3751 627 3812 deesse
653 3752 799 3822 videatur.
844 3755 953 3834 Utique
987 3755 1070 3814 loeus
1106 3773 1166 3814 nen
1179 3747 1182 3752 ’
1195 3755 1234 3814 eb
1256 3755 1334 3816 omui
1460 3815 1461 3828 ,

118 3845 121 3850 ’
203 3863 288 3936 perte
309 3863 391 3914 reete
412 3874 479 3914 sese
501 3855 651 3933 hebet*)‚
686 3852 785 3922 itaut
808 3855 846 3916 ed
868 3875 954 3918 usum
976 3857 1186 3936 particularum
1206 3851 1245 3914 τὲ
1274 3849 1335 3938 γάρ
1460 3869 1461 3878 ’

204 3940 426 4038 οιιίέοιιιιιιοιι
448 3977 483 4018 eo
506 3958 583 4018 effici
603 3978 692 4038 posse
714 3945 836 4037 negem,
1002 3942 1007 3952 x
1381 3959 1384 3964 ’

207 4105 412 4122 *ιιι-

272 4194 298 4260 *)
315 4193 376 4246 Jum
395 4194 552 4257 doeringius
571 4199 598 4245 et
615 4195 722 4246 Reizius
747 4159 871 4245 videntur
890 4194 918 4246 id
938 4195 1105 4262 perspexisse
1133 4210 1192 4247 eum
1222 4213 1290 4252 vers.
1309 4199 1333 4251 ο.

202 4286 263 4349 ροιι
280 4277 429 4358 ἐλευθέρων
450 4283 570 4334 Ιιιοιιιιιιιι
596 4282 747 4332 statuerint.
792 4279 951 4346 Contingius
980 4281 1048 4330 euim
1071 4280 1141 4332 dieit
1167 4281 1210 4334 ed.
1239 4283 1265 4335 h.
1291 4301 1333 4335 αι
