2870 5076
517 429 723 498 ...83-

55 601 206 670 Aristoteli
226 598 309 668 heac
330 623 437 668 rernm
459 601 652 668 universitas
674 613 724 668 est
746 601 863 686 una¹),
894 623 957 691 quo
981 602 1128 685 efficitur,
1159 612 1196 668 nt

55 711 101 776 ille
121 719 244 801 qaoque
267 711 404 778 mundus
424 711 643 799 intellegibilis
671 737 754 780 unus
781 713 821 778 sit
829 762 837 794 ,
866 723 901 778 nt
928 713 968 778 sit
995 713 1100 779 forme
1121 735 1194 793 una,

55 821 133 888 caiae
156 823 299 911 reliquae
326 824 447 888 formae
476 845 587 888 omnes
616 833 691 889 sunt
718 833 838 910 partes.
883 823 998 910 Itaque
1026 822 1105 888 deca
1135 823 1196 886 ior·

55 951 164 998 marum
184 933 437 1015 universitatem,
459 946 627 1020 tamquam
646 933 688 996 sit
701 932 881 998 substantia
897 957 959 998 una
975 941 1008 999 et
1022 931 1195 1014 individua,

55 1039 206 1128 cogitst').

128 1151 195 1218 lam
218 1175 283 1242 qua
304 1153 429 1221 ratione
445 1177 485 1220 ex
505 1148 561 1219 illa
575 1154 679 1218 forma
702 1153 877 1220 universali
900 1154 980 1220 hacc
1002 1143 1108 1219 rerirm
1131 1151 1197 1217 uni·

54 1260 176 1328 versitas
198 1265 342 1347 exsistat,
364 1264 590 1352 inquirendum
616 1274 674 1329 est.
709 1263 740 1328 E
762 1263 909 1328 sanitatis
924 1264 1053 1351 quidem
1068 1262 1198 1328 notione

54 1370 156 1438 medici
183 1384 292 1439 mente
320 1385 477 1464 concepta
502 1376 623 1442 sanitas
650 1375 688 1440 fit
709 1373 741 1438 in
766 1395 900 1459 corpore
923 1383 1021 1462 atque
1044 1393 1062 1436 e
1084 1373 1198 1437 domus

54 1479 158 1561 forma,
180 1503 278 1566 qnam
300 1485 442 1551 medicus
465 1485 599 1573 cogitat,
623 1485 736 1550 domus
760 1483 884 1550 sensilis
908 1480 1054 1568 dritnr⁸).
1101 1481 1199 1548 Perfi-

55 1587 124 1656 citor
151 1603 258 1662 antem
287 1595 348 1660 hoc
377 1596 535 1680 motione,
566 1617 649 1684 quae
679 1598 820 1661 omnium
848 1617 955 1659 rerum
986 1605 1034 1658 est
1056 1593 1197 1658 creatrix

1 1751 2 1754 ,
56 1709 139 1787 atque
168 1705 325 1771 effectrix.
367 1705 493 1771 Pariter
523 1706 601 1773 deus
635 1715 672 1771 ut
698 1707 802 1771 forma
827 1705 1017 1770 universalis
1045 1703 1102 1768 liat
1129 1725 1198 1766 sen·

56 1809 124 1894 nilis,
151 1813 250 1880 officit
279 1815 430 1882 motione.
474 1817 559 1884 Nam
589 1816 659 1903 ipse
681 1818 784 1882 omnis
807 1825 913 1882 motus
934 1814 1126 1902 principium
1150 1822 1200 1878 est

56 1933 81 1986 et
99 1925 195 2012 origo.
235 1925 291 1992 Sic
306 1926 385 2018 depe
400 1927 486 1993 hunc
500 1926 655 1993 mundum
678 1925 829 2007 condidit,
855 1949 926 1991 cum
949 1925 1091 1990 motione
1112 1924 1199 1990 illam

55 2035 207 2100 materiam
233 2037 319 2102 omni
344 2059 384 2102 cx
406 2047 500 2123 parte
527 2037 685 2103 infinitam
712 2037 889 2102 secundum
916 2037 1052 2102 formam
1076 2035 1201 2099 univer·

55 2140 140 2208 atem
168 2157 379 2234 componeret
409 2170 448 2212 ac
476 2148 624 2234 fingeret.
670 2147 827 2215 Videmus
856 2147 955 2234 igitur
981 2147 1015 2211 in
1042 2145 1200 2232 principio

56 2272 167 2321 sommo
188 2279 320 2322 causam
342 2257 482 2340 finalem,
505 2258 683 2342 formalem,
712 2259 903 2324 efficientem
926 2259 1012 2324 coire
1033 2257 1065 2321 in
1089 2277 1199 2320 unum.

55 2360 126 2430 liam
146 2368 251 2432 forma
272 2389 370 2454 quam
391 2391 509 2434 numen
540 2369 682 2434 divinum
707 2371 828 2456 cogitet
851 2379 899 2434 cst
920 2390 1029 2434 rerum
1050 2366 1133 2449 finis,
1157 2375 1202 2432 at·

57 2492 107 2556 qne
131 2475 215 2540 idom
250 2475 329 2541 dens
353 2478 407 2566 qui
437 2479 573 2544 sormam
604 2491 713 2544 mente
736 2479 887 2566 percipit,
921 2479 1022 2544 efficit
1045 2499 1115 2542 eam
1138 2497 1202 2541 mo-

56 2579 139 2648 tione.
186 2585 270 2652 Cum
293 2609 370 2652 voro
399 2591 515 2656 summi
547 2589 729 2655 intellectos
757 2588 910 2675 cogitatio
933 2589 975 2654 sit
997 2587 1202 2674 cogitationis

56 2693 202 2777 cogitatio,
226 2696 282 2761 nbi
303 2697 383 2763 lines
407 2700 498 2786 ponit
520 2709 617 2787 etque
640 2698 772 2764 adducit
794 2698 834 2762 ad
858 2699 1021 2781 effectum,
1045 2719 1109 2764 non
1132 2718 1204 2787 per-

56 2805 193 2890 sequitur,
223 2830 307 2894 quae
334 2833 354 2874 a
384 2831 418 2872 se
448 2809 578 2874 diversa
604 2819 636 2874 et
665 2808 770 2874 aliena
801 2809 880 2890 sint,
910 2808 1007 2875 immo
1029 2810 1139 2876 omnia
1161 2831 1203 2874 ex

57 2927 103 2974 aaa
133 2915 231 3002 ipsias
265 2927 383 2983 natura
415 2917 577 3006 promit⁴).
623 2919 737 3008 Itaque
772 2919 835 2984 iam
871 2919 957 3006 apud
992 2920 1201 2987 Aristotelem

58 3015 153 3106 habes,
176 3024 262 3112 quod
281 3025 444 3113 Spinozae
468 3028 660 3117 philosopho
683 3052 838 3116 opponas,
862 3030 913 3095 cni
937 3031 1107 3118 quominus
1131 3053 1202 3096 cau·

57 3133 258 3200 annualem
283 3159 506 3222 agnoscamus,
530 3137 582 3203 dai
604 3139 797 3204 sufficientia
819 3140 948 3205 obstare
968 3139 1104 3222 videtur,
1128 3163 1201 3203 cum

57 3235 76 3298 tl
105 3239 179 3308 dens
212 3255 345 3334 propter
370 3248 468 3314 finem
494 3258 623 3336 ageret,
657 3249 777 3336 aliquid
809 3249 989 3315 necessario
1022 3257 1200 3336 appeteret,

59 3416 244 3438 Qun—...—

119 3527 132 3592 ¹2
152 3530 214 3584 liet.
233 3533 272 3596 A,
296 3535 334 3583 10.
356 3536 422 3586 1075
437 3551 454 3584 a
470 3537 516 3586 18:
536 3531 606 3604 πρὸς
621 3533 675 3605 μὲν
693 3533 747 3607 γὰρ
767 3531 797 3588 lv
815 3529 926 3589 ἅπαντα
945 3537 1130 3589 συντέτακται.

5 3679 6 3686 1
118 3639 196 3702 UCl.
220 3644 445 3714 Trendelenburg.
474 3649 541 3712 Log.
570 3649 674 3698 Unters.
699 3650 741 3708 11,
776 3653 839 3700 444:
873 3649 960 3711 ‚Aban
990 3651 1040 3702 wia
1070 3667 1117 3702 vor
1140 3651 1203 3702 Gott

58 3725 246 3782 asseuerante
265 3732 324 3784 sind
343 3735 393 3784 wia
405 3736 458 3788 Ein
472 3735 540 3800 Τις,
560 3751 590 3784 so
609 3735 669 3786 sind
683 3752 730 3788 vor
742 3737 798 3786 ihm
816 3739 928 3788 umenti
940 3738 994 3788 and
1013 3737 1076 3789 aber
1094 3737 1203 3790 lausensi

58 3805 166 3946 {misse
189 3820 240 3870 wic
262 3819 313 3872 ltin
339 3822 444 3890 Begriff
469 3821 525 3874 und
553 3821 596 3874 dio
624 3824 794 3876 verniclrelte
816 3824 888 3876 Welt
915 3827 965 3874 wie
990 3825 1056 3876 Eine
1084 3825 1204 3876 siuiacbe

92 3903 215 3960 amate·

6 4031 7 4040 ¹
64 4087 69 4102 Ι
119 4013 217 4080 'litet
237 4019 267 4082 Ζ,
288 4023 311 4068 t.
335 4023 496 4074 lottbtl:
522 4017 591 4074 aiore
615 4023 759 4090 συμβαίνει
784 4017 890 4092 τρόπον
908 4018 968 4074 τινὰ
987 4021 1016 4080 ἐξ
1034 4017 1137 4090 ὑγιείας
1155 4017 1204 4084 τὴν

6 4181 7 4184 Ἴ
59 4101 149 4232 glensa
169 4109 297 4174 γίνεσθαι
321 4108 368 4158 καὶ
390 4109 442 4175 τὴν
465 4111 558 4162 οἰκίαν
582 4108 611 4168 ἐξ
632 4111 736 4174 οἰκίας,
762 4109 808 4174 τῆς
834 4103 901 4162 ἄνευ
925 4104 988 4172 ὕλης
1011 4107 1059 4173 τὴν
1084 4107 1205 4176 ἔχουσαν

85 4201 121 4248 rr.

66 4367 71 4384 ι
117 4297 136 4360 ·)
154 4298 215 4348 Mer.
233 4299 273 4361 A,
294 4303 334 4351 ιο,
357 4303 425 4354 1075
440 4297 458 4350 b
473 4305 503 4352 ει
518 4295 705 4372 Ἀναξαγόρας
724 4299 756 4353 δὲ
774 4297 809 4358 ὡς
828 4302 924 4355 κινοῦν
940 4297 970 4352 τὸ
984 4293 1095 4368 ἀγαθὸν
1108 4293 1206 4364 ἀρχήν,

61 4377 133 4450 ⁰73¹?
149 4385 214 4442 νοῦς
231 4387 311 4438 arvei·
335 4381 405 4441 otta
426 4392 501 4442 κινεῖ
517 4385 596 4440 ἕνεκά
615 4405 697 4454 τινος,
715 4385 783 4441 aiore
803 4387 904 4458 ἕτερον.
928 4385 1000 4454 πλὴν
1019 4381 1054 4444 nis
1072 4381 1150 4458 ipsis
1170 4388 1209 4437 ll·

60 4475 139 4534 rapas·
157 4467 173 4538 ri
189 4469 244 4540 γὰρ
263 4471 369 4544 ἰατρική
387 4475 453 4530 lar!
469 4489 529 4530 πως
546 4471 562 4541 ἡ
581 4473 680 4549 ὑγίεια.

969 4569 1012 4636 6*
