2870 5076
521 397 728 464 ,13-

72 569 245 636 101101οοοο
269 577 450 652 causaest,
483 566 613 634 minime
635 589 711 634 vero
736 565 916 632 substantia
937 575 1025 633 crtus
1048 570 1151 656 gratia
1164 569 1199 655 ¹).

72 679 99 747 Si
115 678 203 766 igitur
218 680 333 746 domus
349 678 523 763 efficienda·
534 687 583 744 est
598 679 651 744 vel
666 677 752 744 aliud
769 675 855 765 quid,
878 676 946 742 fieri
968 685 1064 765 atque
1079 680 1203 746 moveri

72 811 179 858 οοοοττο
201 802 249 856 est
271 791 410 879 primurn
433 791 504 874 hoc,
528 787 645 856 deinde
666 788 743 854 illud
760 797 857 876 atque
874 788 935 853 hac
950 788 1074 854 ratione
1096 793 1202 856 omnia

70 899 215 990 deinceps,
238 901 342 968 donec
363 900 410 965 rei
433 900 536 966 forma
559 923 597 966 ac
620 898 800 965 substantia
823 898 967 985 perfecta
989 898 1085 984 est¹).
1131 901 1202 968 Iam

68 1021 194 1100 apparet,
221 1035 305 1102 quae
333 1011 413 1077 ratio
441 1011 565 1078 formae
594 1019 627 1074 et
655 1007 777 1074 notioni
807 1029 880 1074 cum
909 1018 981 1108 ertu
1004 1009 1203 1099 singulisque

69 1121 121 1188 eius
140 1122 292 1209 gradibus
313 1120 502 1188 intercedat.
548 1118 647 1187 Notio
670 1117 754 1183 enirn
785 1130 816 1184 et
838 1119 942 1185 forma
965 1129 1035 1186 erat
1056 1122 1205 1210 primum,

69 1241 160 1298 eontra
181 1243 287 1298 ortum
309 1232 335 1296 si
357 1241 541 1322 spectamus
564 1239 613 1296 est
635 1230 797 1314 ultimum3
820 1253 894 1295 nam
918 1241 985 1296 tum
1010 1232 1137 1298 demum
1162 1235 1207 1300 rei

69 1341 225 1408 renuntia
241 1342 385 1430 perfecta
400 1350 458 1424 est,
477 1364 549 1407 cum
566 1350 654 1406 ortus
669 1339 791 1426 gradus
807 1339 946 1406 absoluti
962 1352 1037 1408 sunt
1052 1346 1207 1432 omnee⁸).

70 1448 146 1528 Quod
161 1463 195 1518 ut
210 1451 312 1538 magis
328 1463 493 1539 appareat,
511 1451 673 1538 fingamus
689 1449 849 1515 medicum
866 1451 921 1538 qni
937 1450 1058 1518 homini
1074 1467 1208 1541 aegroto

70 1559 171 1628 mederi
192 1563 270 1644 vult,
293 1565 324 1628 h.
338 1587 365 1629 e.
390 1562 443 1650 qni
467 1561 500 1627 in
523 1543 766 1649 corporeiiiius
788 1559 919 1626 efficere
936 1562 1005 1627 vult
1028 1564 1208 1632 sanitatem.

69 1669 177 1738 Ssuitns
199 1673 298 1760 igitur
320 1674 349 1738 ei
371 1671 444 1738 finis
468 1680 638 1759 astatque
665 1669 877 1758 propositum.
923 1671 1016 1738 Haec
1043 1681 1150 1740 antem
1175 1685 1209 1741 ut

70 1781 198 1866 exsistat,
227 1783 314 1850 aliud
342 1783 419 1872 quid
447 1791 543 1848 antea
571 1782 629 1846 diat
659 1801 793 1864 necesse
817 1791 883 1866 est,
914 1783 1013 1848 veluti
1036 1785 1120 1851 iusta
1144 1811 1209 1852 cor-

70 1892 139 1978 peris
164 1894 351 1982 temperies,
380 1895 461 1958 haec
491 1901 597 1958 aretem
625 1904 662 1958 ut
690 1891 861 1975 efficiatur,
892 1914 974 1981 opus
1007 1905 1056 1960 est
1090 1897 1208 1963 calore.

70 2004 247 2072 dranitatia
270 2005 367 2092 igitur
388 2007 520 2070 notione
542 2001 700 2090 incipiens
723 2001 866 2068 medicus
890 1997 999 2070 secund
1023 2015 1151 2094 reputat
1173 2031 1209 2073 ac

70 2109 224 2194 deliberat,
253 2113 354 2180 donec
385 2113 601 2202 pervenitad
629 2113 662 2178 id
694 2113 779 2202 quod
808 2114 877 2201 ipse
900 2115 1057 2201 perficere
1080 2119 1210 2205 valet⁴).

70 2221 160 2291 Veluti
182 2225 320 2290 calorem
348 2224 475 2290 efficere
503 2233 610 2311 potest
640 2223 803 2307 frictione,
834 2227 932 2291 fricat
963 2226 1061 2312 igitur
1084 2251 1210 2316 corpus,

69 2355 120 2420 quc
146 2335 268 2402 exsistit
300 2335 402 2420 calor3
435 2335 462 2400 is
498 2344 607 2400 autem
636 2335 776 2401 restituit
809 2337 927 2402 iustam
961 2338 1105 2426 corporis
1135 2349 1211 2404 tenr-

69 2446 189 2530 periem,
216 2467 300 2534 quae
326 2446 429 2512 bonae
447 2445 652 2512 ualetudinis
681 2456 730 2512 est
752 2468 858 2512 cauea.
905 2446 960 2514 Sic
983 2448 1071 2536 quod
1096 2449 1212 2535 cogita·

68 2553 147 2620 tionis
167 2557 272 2622 fuerat
293 2555 451 2644 primum,
475 2554 622 2621 ultimum
639 2565 811 2640 estractus,
835 2559 868 2625 id
891 2557 979 2646 quod
1003 2579 1045 2624 ex
1060 2545 1214 2648 priinaria

68 2675 94 2730 et
117 2667 225 2732 intima
251 2665 323 2731 finis
348 2675 467 2732 natura
495 2665 714 2754 consequitur.
759 2666 877 2757 Neque
905 2669 1099 2736 Aristoteles
1129 2671 1213 2738 hanc

68 2775 254 2862 cogitationis
277 2786 309 2842 et
331 2785 419 2842 ortus
444 2776 644 2862 effectusque
659 2775 893 2864 oppositionem
918 2801 982 2845 non
1005 2779 1212 2870 intellexit⁵).

67 2882 167 2975 Itaque
189 2889 296 2954 dicere
317 2887 394 2952 licet
416 2889 587 2952 sanitatem
607 2885 678 2952 fieri
694 2907 712 2950 e
728 2886 874 2972 sanitate,
899 2913 971 2956 curn
995 2892 1114 2958 sanitas
1139 2919 1211 2960 cum

67 2998 185 3062 materia
206 2997 376 3064 coniuncta
397 2997 533 3063 exsistat
549 3019 566 3062 e
582 2999 720 3063 sanitate
736 3019 819 3084 quae
835 3002 969 3065 materia
992 3017 1088 3067 caret.
1127 3006 1212 3070 Nam

13 3109 14 3130 ¹
67 3121 205 3196 concepta
227 3117 296 3174 erat
317 3107 437 3174 sanitas
460 3119 568 3174 mente
591 3107 708 3174 medici
731 3119 828 3196 atque
851 3132 904 3174 ars
926 3111 1051 3176 medica
1073 3113 1144 3200 ipsa
1165 3137 1212 3180 sa-

13 3177 15 3260 i
66 3218 159 3284 nitatis
181 3218 268 3286 notio
290 3228 339 3284 est
349 3217 384 3302 ⁸).

13 3399 14 3426 ¹
130 3391 326 3458 &hiem

13 3471 14 3478 ’
127 3480 145 3545 ¹)
161 3481 240 3549 Phys.
259 3480 294 3542 11,
314 3483 338 3534 8.
360 3483 408 3533 100
420 3497 437 3534 s
449 3485 477 3534 8:
499 3479 538 3534 ἔτι
551 3477 582 3533 ἐν
594 3475 671 3540 ὅσοις
689 3481 765 3537 τέλος
783 3479 844 3533 ἐστί
856 3498 890 3544 τι,
909 3476 1007 3534 τούτου
1026 3481 1107 3537 ἕνεκα
1127 3481 1213 3554 πράτ-

13 3577 14 3586 ’
64 3577 124 3616 rarae
141 3565 171 3620 ad
188 3563 324 3637 πρότερον
342 3565 552 3638 νο1τόὲφεξῆς.
581 3569 622 3621 De
639 3577 704 3637 part.
724 3585 766 3620 an.
786 3569 807 3634 1,
831 3575 853 3619 1.
872 3573 923 3622 040
937 3586 953 3621 ι
968 3555 1015 3622 lbi
1031 3571 1140 3640 μᾶλλον
1156 3571 1212 3642 γὰρ

65 3645 118 3704 uida
136 3658 279 3724 συμβαίνει
296 3657 344 3708 act
362 3655 425 3726 περὶ
442 3655 492 3723 τὴν
511 3653 711 3728 οἰκοδόμησιν,
736 3655 797 3708 rua
819 3651 927 3710 τοιόνδ’
954 3655 1012 3726 (στὶ
1029 3653 1060 3709 τὸ
1078 3656 1214 3724 adduceris

64 3737 181 3807 ο1τ1τς,ἦ
199 3739 304 3796 τοιόνδ’
326 3741 400 3796 ἐστὶν
420 3739 535 3811 irorata,
554 3737 598 3796 ὅτι
614 3749 720 3814 γίνεται
740 3739 833 3802 οὕτως.
852 3744 874 3809 1,
896 3750 917 3796 1.
938 3748 988 3798 600
1003 3745 1019 3796 b
1033 3750 1074 3796 tt.
1094 3747 1175 3799 6401)
1191 3753 1214 3800 1.

125 3827 145 3892 ¹)
162 3831 242 3898 Phys.
261 3831 334 3894 vm,
354 3835 377 3882 1.
397 3835 538 3888 201ι13ι
558 3827 629 3892 ὅλως
648 3831 679 3885 δὲ
696 3833 825 3901 φαίνετον
845 3829 875 3885 τὸ
894 3828 1045 3902 γινόμενον
1058 3827 1150 3890 ἀτελὲς
1166 3835 1212 3886 xci

63 3907 97 3962 (τ’
115 3914 201 3986 ἀρχὴν
219 3913 272 3985 tc's,
291 3915 360 3972 ὥστε
379 3917 408 3970 τὸ
428 3924 460 3994 τῇ
479 3923 588 3990 γενέσει
609 3918 723 3992 ὕστερον
741 3920 774 3991 τῇ
793 3917 876 3992 φύσει
896 3915 1031 3991 πρότερον
1049 3917 1128 3972 εἶναι.

126 4005 146 4068 ⁴)
164 4007 225 4061 Met.
244 4008 274 4070 Ζ,
293 4011 317 4062 t.
340 4010 405 4060 1001
419 4007 437 4061 b
450 4015 532 4078 eaqq.

126 4091 146 4156 ⁵)
163 4096 224 4149 Met.
244 4097 273 4160 Z,
293 4100 318 4146 t.
340 4096 436 4150 roeab
453 4103 497 4150 152
516 4096 573 4150 τῶν
592 4096 624 4150 δὲ
642 4097 777 4166 γὲνέσεον
798 4097 846 4150 τισὶ
863 4093 997 4164 κινήσεων
1017 4091 1033 4162 ἡ
1052 4095 1105 4168 μὲν
1123 4089 1217 4160 νόησις

62 4177 205 4248 aristeneti
224 4180 255 4234 dd
275 4185 397 4249 ποίησις,
420 4181 436 4250 ἡ
455 4181 510 4255 μὲν
529 4180 587 4236 aiud
612 4186 657 4250 τῆς
675 4181 759 4254 ἀρχῆς
778 4186 827 4237 καὶ
848 4183 899 4236 τοῦ
917 4180 1008 4241 ridear
1027 4182 1129 4248 νόησις,
1153 4177 1169 4246 ἡ
1188 4175 1215 4232 d'

63 4257 112 4317 iad
130 4270 175 4320 τοῦ
193 4271 347 4324 τελευταίου
365 4271 410 4338 τῆς
427 4269 551 4338 νοήσεως
571 4276 691 4340 ποίησις.
719 4270 780 4324 ech.
796 4273 862 4326 Eud.
879 4273 913 4336 ll,
934 4275 974 4322 11.
998 4277 1064 4326 1201
1079 4269 1096 4320 b
1111 4271 1156 4322 82:
1175 4267 1219 4334 τῆς

63 4349 109 4411 μὲν
127 4347 176 4410 οὖν
194 4355 311 4425 νοήσεως
329 4355 399 4429 ἀρχὴ
418 4361 448 4416 τὸ
469 4363 557 4426 τέλος,
577 4362 623 4428 τῆς
641 4359 673 4412 dt
691 4353 818 4428 πράξεως
833 4357 850 4428 ἡ
869 4359 916 4426 τῆς
933 4352 1055 4424 νοήσεως
1073 4352 1186 4422 τελευτή.

128 4443 146 4508 “,·
165 4446 223 4502 Met.
242 4448 272 4516 Z,
293 4452 315 4502 7.
341 4450 500 4502 1002011)
526 4444 598 4504 ciere
624 4449 768 4520 συμβαίνει
795 4445 901 4520 τρόπον
920 4442 980 4502 τινὰ
1001 4447 1031 4508 ἐξ
1051 4443 1155 4516 ὑγιείας
1173 4441 1222 4510 τὴν
