2870 5076
232 631 392 675 summum
398 655 407 691 ,
437 609 610 699 superioris
636 609 674 675 fit
708 609 957 680 instrumentum
994 612 1089 700 eique
1121 612 1303 702 suppeditat
1328 636 1369 678 ex·

231 719 364 786 sistendi
388 719 526 807 copiam.
566 719 700 786 Minime
723 741 800 786 vero
823 720 944 810 gradus
967 722 1113 810 superior
1135 732 1319 813 procreetur
1336 721 1369 786 ab

231 830 392 912 inferiore,
416 815 472 894 ssd
494 851 613 896 novum
629 829 706 918 quid
727 854 855 919 semper
875 832 909 898 iu
932 833 1097 921 superiore
1120 834 1215 915 inest,
1239 832 1319 922 quod
1338 852 1370 898 ex

9 935 10 948 ¹
115 925 118 946 ⁵
207 941 284 1007 'illo
308 940 426 1006 ducere
448 963 487 1005 ac
509 950 657 1028 repetere
678 963 743 1006 nou
765 941 850 1024 licet,
875 951 972 1030 atque
994 952 1120 1010 tantum
1141 944 1236 1037 abest
1250 952 1284 1010 ut
1297 962 1371 1030 prae·

233 1051 368 1117 stantior
396 1051 515 1138 gradus
539 1051 658 1117 oriatur
680 1073 739 1139 per
760 1051 958 1135 inferiorem,
988 1063 1024 1120 ut
1045 1055 1098 1122 hic
1112 1077 1184 1122 non
1199 1051 1250 1120 ,sit
1270 1051 1326 1122 nisi
1344 1059 1372 1116 ut

231 1161 446 1249 praestantior
468 1161 569 1249 possit
592 1161 777 1228 consistere.

317 1270 465 1336 Vidimus
498 1270 596 1358 igitur
631 1272 664 1338 iu
701 1264 874 1340 individuis
907 1275 1093 1342 inferiorem
1126 1283 1252 1362 partem
1286 1270 1372 1339 subici

230 1382 398 1472 superiori.
436 1381 561 1448 Eadem
584 1391 692 1448 autem
713 1383 796 1450 ratio
819 1387 916 1451 otiam
938 1385 972 1451 in
994 1409 1104 1454 rerum
1126 1384 1317 1452 naturalium
1335 1403 1373 1446 or·

232 1494 359 1560 dinibus
388 1490 540 1558 cernitur.
585 1492 672 1558 Nam
700 1517 758 1558 sua
785 1494 915 1582 quidem
948 1518 1045 1562 causa
1075 1496 1221 1563 oriuntur
1247 1495 1371 1583 plautae,

234 1603 424 1684 tamenim,
455 1612 492 1667 ut
518 1603 612 1669 simul
635 1603 818 1702 animalium
843 1627 941 1671 causa
964 1607 1027 1672 sint
1055 1606 1158 1695 iisque
1182 1597 1373 1692 suppeditent

231 1714 358 1802 pabula.
402 1713 529 1779 Pariter
555 1712 678 1778 bestiae
702 1717 849 1801 quamvis
872 1717 936 1782 suis
964 1727 1096 1783 utantur
1115 1716 1253 1799 finibus,
1280 1724 1373 1780 umen

231 1825 324 1892 simul
347 1823 510 1890 hominum
527 1846 625 1890 neusa
640 1834 724 1907 sunt,
748 1825 872 1892 cicures
887 1825 1017 1914 quidem
1037 1836 1170 1914 propter
1184 1849 1276 1892 usum
1293 1834 1374 1910 atque

231 1935 462 2012 nutrimentum
485 1932 571 2022 quod
594 1935 669 2010 inde
692 1935 827 2022 capitur,
854 1937 942 2003 israe
965 1943 1084 2018 autom,
1108 1936 1169 2002 etsi
1190 1959 1256 2003 nou
1276 1952 1373 2002 omues

230 2054 338 2111 tamen
359 2044 532 2133 plurimae.
550 2045 737 2112 nutrimenti
759 2054 857 2135 atque
880 2046 962 2112 alius
984 2047 1128 2113 utilitatis
1151 2047 1266 2134 gratie,
1289 2039 1374 2114 veluti

230 2164 267 2222 ut
288 2155 423 2222 vestitus
446 2165 479 2220 et
499 2156 712 2222 instrumenta
736 2179 778 2223 ex
800 2179 911 2224 earum
934 2156 1078 2245 partibus
1101 2157 1182 2222 fiant
1191 2157 1229 2240 ¹).

317 2265 411 2345 Quod
434 2265 520 2332 idem
543 2267 639 2332 etiam
661 2267 694 2332 in
716 2267 880 2334 homiuum
902 2267 970 2333 vita
993 2290 1189 2354 cognoscere
1210 2259 1315 2348 licet‚'
1330 2258 1375 2330 ubi

230 2377 312 2442 eliae
335 2385 420 2442 artes
444 2385 476 2442 et
497 2375 625 2464 opificia
645 2377 717 2454 aliis
740 2388 816 2444 sunt
836 2378 989 2446 subiecta.
1028 2377 1137 2443 Veluti
1161 2377 1224 2443 arti
1248 2369 1376 2463 equestri

230 2486 374 2552 subiecta
396 2495 446 2551 est
467 2509 506 2552 ea
530 2509 612 2575 quae
636 2487 791 2553 infrenis
814 2487 1019 2556 conficiendis
1043 2479 1203 2576 occupata
1226 2494 1284 2569 est,
1308 2491 1375 2550 cete·

230 2620 351 2686 raeque
382 2620 493 2664 omues
523 2620 606 2686 quae
636 2600 849 2667 iustrumenta
872 2600 1033 2690 equestria
1055 2607 1257 2686 comparant,
1291 2605 1375 2681 atque

229 2709 310 2774 haee
332 2709 403 2796 ipsa
425 2709 583 2797 equestris
606 2711 775 2799 omnisque
795 2711 878 2777 actio
900 2710 1045 2776 militaris
1058 2710 1130 2776 arti
1151 2705 1376 2797 imperatoriae,

227 2818 372 2907 itemque
396 2819 477 2884 aliae
498 2820 569 2885 aliis
593 2831 669 2886 sunt
689 2821 854 2886 subiectae
863 2819 900 2906 ²).
947 2821 1064 2908 Neque
1091 2820 1236 2886 homiues
1258 2811 1375 2904 singuli,

227 2931 254 2995 si
276 2930 373 2996 finem
396 2953 488 2996 suum
511 2931 623 2996 volunt
649 2931 790 3018 assequi,
813 2951 872 3019 per
894 2951 930 2996 se
952 2939 1086 3019 possunt
1109 2931 1300 3009 consistere,
1326 2919 1375 2990 sed

226 3041 386 3107 ineundae
410 3051 483 3107 sunt
505 3041 545 3106 iis
569 3042 750 3112 societates.

315 3154 365 3218 Ac
391 3151 528 3241 primum
559 3151 692 3239 quidem
719 3161 793 3218 sunt
820 3149 875 3239 qui
908 3174 973 3219 non
1005 3150 1146 3218 habeant
1175 3150 1236 3218 nisi
1261 3156 1376 3216 tautum

171 3269 173 3276 '
228 3264 433 3351 prudentiae,
455 3271 492 3326 ut
513 3261 683 3350 percipere
703 3261 828 3350 possint
849 3270 946 3350 atque
970 3262 1113 3344 efficere,
1147 3261 1188 3328 ab
1210 3260 1280 3328 aliis
1303 3276 1376 3348 quae

228 3374 440 3462 imperantur3
470 3395 606 3462 corpora
635 3381 742 3444 autem
772 3395 882 3438 eorum
914 3373 1008 3439 firma
1029 3395 1049 3437 a
1069 3380 1185 3438 natura
1206 3375 1291 3438 facta
1312 3374 1378 3434 sunt

228 3506 267 3549 ac
296 3483 440 3567 robuste,
473 3491 510 3548 ut
532 3482 746 3571 exsequendis
769 3483 807 3549 iis
837 3506 920 3571 quae
942 3481 1136 3550 mandantur
1166 3483 1230 3550 sint
1258 3482 1375 3548 idonea.

227 3591 268 3660 Id
297 3594 424 3681 generis
452 3603 559 3660 autem
586 3594 733 3660 homines
760 3617 819 3683 par
846 3607 897 3662 est
931 3594 1052 3662 servire
1079 3593 1164 3678 aliis,
1197 3595 1252 3684 qui
1276 3583 1377 3660 men‘te

229 3778 430 3789 ...η-...-

303 3871 321 3938 1)
339 3871 418 3923 Polit.
442 3871 469 3934 Ι,
498 3875 523 3923 8.
549 3871 650 3924 raseb
672 3876 717 3924 15:
745 3867 814 3926 ὥστε
841 3869 944 3942 ὁμοίως
969 3871 1059 3940 milev
1086 3870 1128 3927 ὅτι
1154 3873 1201 3926 καὶ
1227 3869 1377 3942 γενομένοις

228 3961 336 4027 οἰητέον
354 3955 386 4012 τά
405 3975 433 4012 τε
453 3957 526 4028 φυτὰ
544 3961 600 4013 τῶν
619 3955 694 4027 ζῴων
712 3959 805 4015 ἕνεκεν
823 3959 893 4014 εἶναι
913 3961 960 4012 καὶ
977 3955 1063 4014 τᾶλλα
1083 3963 1137 4030 ζῷα
1155 3963 1210 4016 τῶν
1228 3954 1377 4029 ἀνθρώπων

223 4045 318 4119 χάριν,
335 4045 368 4102 sol
386 4047 440 4119 μὲν
457 4043 546 4118 ἥμερα
559 4049 607 4099 καὶ
619 4047 666 4100 διὰ
678 4045 727 4116 τὴν
735 4050 836 4118 χρῆσιν
849 4045 956 4102 soldani
969 4046 1017 4116 τὴν
1029 4047 1145 4120 τροφήν,
1164 4051 1219 4104 τῶν
1232 4045 1257 4102 δ’
1271 4043 1377 4115 ἀγρίων,

227 4139 252 4190 st
268 4135 307 4207 μὴ
326 4132 431 4202 πάντα,
455 4133 525 4200 ἀλλὰ
548 4133 581 4190 soi
600 4153 632 4205 ys
650 4138 765 4190 πλεῖστα
783 4137 828 4204 τῆς
850 4138 955 4206 τροφῆς
972 4138 1020 4190 καὶ
1039 4131 1121 4203 ἄλλης
1138 4139 1267 4206 βοηθείας
1283 4132 1378 4192 ἕνεκεν,

226 4223 272 4279 ἵνα
292 4226 339 4278 καὶ
359 4221 441 4290 ἐσθὴς
459 4226 507 4278 καὶ
524 4219 594 4278 data
614 4217 720 4294 iescae
738 4229 847 4294 γίνηται
865 4222 895 4284 ἐξ
913 4223 1012 4280 αὐτῶν.
1039 4227 1063 4277 sl
1086 4218 1137 4279 οὖν
1160 4221 1278 4296 ἡφύσις
1293 4215 1378 4292 μηθὲν

225 4308 293 4384 μήτε
312 4309 402 4372 ἀτελὲς
414 4317 491 4366 ποιεῖ
499 4308 566 4384 μήτε
577 4309 677 4384 μάτην,
697 4310 852 4382 ἀναγκαῖον
864 4313 918 4370 τῶν
931 4309 1090 4384 ἀνθρώπων
1102 4311 1194 4368 ἕνεκεν
1213 4310 1280 4366 αὐτὰ
1293 4303 1377 4360 πάντα
1424 4351 1425 4414 p

227 4402 409 4467 πεποιηκέναι
426 4398 474 4465 τὴν
493 4399 588 4469 φύσιν.

300 4490 318 4553 7)
338 4489 398 4542 urs.
417 4490 473 4544 uie.
492 4491 514 4552 1,
536 4495 559 4541 ι.
583 4493 649 4544 ross
662 4507 678 4542 a
692 4496 784 4557 rosqq.
