2870 5076
707 432 748 444 ...
793 363 919 464 34⁸..

231 591 294 657 quo
334 568 507 657 cereret¹).
562 568 670 636 Nihilo
705 591 782 634 vero
823 582 911 636 caret
948 569 1045 652 deuo,
1089 593 1163 638 cum
1204 571 1270 661 ipae
1303 572 1369 638 liner

230 690 387 765 procreet.

314 790 423 855 Movet
445 799 551 857 eutem
576 789 663 871 deus,
688 813 759 856 cum
783 788 852 877 ipse
868 813 932 856 nou
948 803 1132 876 mouentum
1157 793 1243 880 quod
1264 803 1369 860 tantun

230 900 338 982 abest,
375 911 411 965 ut
437 899 522 989 apud
552 899 760 966 Aristotelem
790 899 951 982 miremur,
990 912 1024 966 ut
1056 906 1189 988 egregie
1220 926 1289 969 cum
1316 903 1370 966 eiua

231 1009 375 1074 doctrine
398 1019 563 1096 congruat.
609 1010 745 1098 Etenim
761 1033 831 1076 cum
861 1009 1105 1098 unumquidque
1133 1011 1220 1100 quod
1242 1021 1371 1078 movetur

230 1145 272 1188 ex
295 1105 477 1188 Aristotelis¹
506 1121 665 1186 sententie
692 1120 836 1206 requirat
864 1119 999 1184 alterum
1025 1122 1110 1208 quod
1134 1133 1277 1204 moveat,
1305 1143 1372 1186 sum·

229 1256 317 1298 mum
346 1231 493 1297 motionis
522 1229 716 1318 principium
747 1254 810 1296 non
847 1229 970 1294 moseri
1005 1253 1137 1318 prorsus
1167 1243 1216 1298 θεῖ
1245 1253 1371 1298 necesse.

230 1342 346 1431 Neque
368 1339 451 1406 retio
474 1340 637 1406 Aristoteli
662 1341 722 1406 lroc
753 1339 905 1429 placitum
934 1340 1126 1429 impugnare
1149 1341 1284 1425 videtur,
1312 1365 1372 1408 cum

230 1463 335 1518 motus
358 1473 422 1518 non
445 1451 477 1517 in
503 1473 540 1516 eo
563 1451 639 1516 insit
661 1451 747 1538 quod
771 1462 916 1533 moveat,
947 1451 1003 1516 sed
1035 1451 1066 1516 in
1091 1473 1129 1516 eo
1152 1452 1240 1541 qnod
1262 1473 1373 1518 moveo·

230 1572 282 1628 tur
291 1562 326 1649 ²).
371 1563 544 1628 Praetereo
579 1561 710 1628 motioni
741 1584 760 1626 a
788 1561 848 1628 deo
881 1561 1096 1651 proficiscenti
1131 1563 1279 1630 conferre
1310 1562 1374 1626 licet

230 1673 468 1759 rationemque
489 1672 606 1752 anima,
631 1672 843 1738 Aristotelem.
857 1672 882 1736 si
899 1671 1073 1760 sequimur,
1097 1673 1248 1740 euimelia
1269 1681 1371 1738 movet.

230 1782 322 1848 Haec
347 1783 431 1848 enim
454 1781 557 1848 omnia
573 1791 679 1848 motus
696 1782 868 1848 voluntarii
893 1793 942 1848 θεῖ
964 1783 1168 1870 principium,
1193 1803 1371 1871 quemquam

228 1894 298 1981 ipsu
320 1915 384 1958 nou
407 1902 554 1957 movetur
565 1891 601 1978 ³).
647 1892 763 1979 Neque
793 1892 885 1963 aliter
913 1892 946 1958 in
974 1892 1070 1958 rebus
1099 1903 1233 1960 naturae
1263 1889 1372 1959 orienti·

229 2002 289 2068 bus
311 2012 343 2068 et
367 2001 584 2068 crescentibus
607 2013 783 2090 operantur
805 2003 936 2084 formae,
960 2025 1031 2068 oum
1053 1980 1219 2070 materiam
1238 2007 1373 2068 moveant

229 2135 267 2178 ao
290 2113 414 2202 fingunt
443 2112 593 2178 immotae
621 2113 722 2201 ipsae.
768 2114 877 2200 Atque
906 2111 1025 2200 pariter
1054 2114 1207 2201 cogitatio
1231 2119 1372 2201 quaeest

229 2222 413 2306 efficienda,
437 2223 468 2289 h.
486 2245 514 2288 e.
538 2207 627 2290 cuiue
655 2224 817 2292 obiectum
846 2221 1020 2310 appetibile
1048 2223 1125 2310 quid
1154 2235 1222 2306 est,
1249 2224 1295 2288 vis
1323 2231 1370 2300 θεῖ,

155 2411 158 2416 1
230 2356 312 2422 quae
336 2332 410 2398 dum
433 2332 504 2420 ipsa
526 2356 589 2398 non
613 2344 771 2417 movetur,
795 2331 939 2420 corporis
963 2344 1084 2398 motum
1108 2334 1243 2399 suscitet
1264 2356 1300 2398 ao
1319 2352 1372 2396 mo·

230 2442 360 2508 deretur
371 2443 409 2526 ⁴).
454 2443 563 2508 Veluti
588 2444 613 2508 ei
637 2444 708 2532 quia
732 2443 859 2514 domum
883 2441 1054 2508 aedificare
1078 2442 1155 2524 vult,
1176 2443 1312 2530 primum
1332 2449 1371 2504 eat
1422 2439 1423 2506 l

227 2554 315 2618 notio
345 2550 395 2632 (τὸ
418 2543 521 2639 εἶδος)
554 2553 681 2638 ῦοιιιιιε;
709 2554 788 2620 haec
812 2562 860 2618 eet
890 2550 929 2618 τὸ
952 2548 1070 2640 νοητόν
1092 2553 1281 2642 eodemque,
1309 2571 1371 2638 qua·

227 2673 320 2728 tenus
339 2665 379 2730 ed
397 2665 544 2730 effectum
564 2685 634 2730 eam
656 2663 815 2733 adducere
830 2664 986 2748 volumus,
1005 2674 1055 2730 θεῖ
1069 2659 1109 2732 τὸ
1126 2656 1270 2752 ὀρεκτόν.
1292 2661 1371 2728 Haec
1421 2693 1422 2779 q

301 2951 318 3012 ¹)
339 2947 379 3000 Cf.
398 2949 457 3001 Eth.
476 2950 498 3000 Ι.
523 2950 633 3016 append.
659 2965 682 3015 p.
697 2953 730 3000 74
756 2949 795 3002 ed.
819 2950 894 3000 Paul.
933 2949 979 3012 ,Si
1002 2948 1065 3000 deus
1089 2958 1194 3016 propter
1217 2949 1293 3000 finem
1315 2945 1370 3011 ugit,
1420 2975 1421 3049 p

225 3035 327 3102 aliquid
345 3040 493 3088 necessario
512 3039 619 3103 appetit,
640 3053 691 3102 quo
709 3039 806 3088 earet!

300 3124 319 3188 ²)
338 3126 378 3176 Da
397 3127 476 3178 anim.
495 3125 547 3189 111,
568 3129 592 3176 2.
611 3127 662 3176 426
676 3141 691 3175 e
704 3128 733 3174 2:
757 3125 781 3176 el
804 3118 830 3174 δ’
852 3122 927 3177 ἔστιν
948 3119 964 3190 ἡ
982 3127 1086 3188 κίνησις
1109 3125 1156 3174 καὶ
1174 3119 1190 3189 ἡ
1209 3129 1314 3189 τιοῖηοις
1333 3117 1371 3171 aul

225 3208 254 3264 ro*
276 3207 366 3269 πάθος
385 3211 414 3264 ἐν
433 3213 470 3278 τῷ
489 3212 656 3281 ποιουμένῳ,
676 3206 782 3278 ἀνάγκη
802 3213 848 3262 καὶ
866 3209 914 3264 τὸν
928 3207 1026 3280 ψόφον
1039 3213 1086 3262 nul
1099 3209 1146 3275 viv
1160 3207 1246 3278 ἀκοὴν
1259 3209 1304 3277 τὴν
1316 3198 1367 3260 κοτ’
1419 3237 1420 3262 ι

226 3298 366 3369 ἐνέργειαν
390 3299 420 3352 ἓν
441 3301 473 3370 τῇ
498 3296 567 3351 κατὰ
592 3294 713 3370 ῦῦνιιμιν
737 3283 816 3350 eloai·
842 3295 929 3367 ἡγὰρ
948 3299 997 3352 τοῦ
1017 3299 1162 3362 ποιητικοῦ
1180 3301 1228 3352 κιιὶ
1246 3293 1370 3364 κινητικοῦ

225 3387 348 3454 ἐνέργεια
368 3388 397 3440 ἐν
416 3387 453 3452 τῷ
473 3382 608 3454 πάσχοντι
627 3386 770 3454 ἐγγίνεται.
790 3383 834 3438 deo*
855 3383 908 3439 οῦκ
927 3385 1034 3456 ἀνάγκη
1052 3385 1082 3438 τὸ
1102 3387 1198 3440 κινοῦν
1218 3391 1353 3441 acumem.

299 3474 319 3540 ³)
338 3477 372 3550 Ιι.1
390 3476 407 3526 l.
433 3475 471 3538 ΙΙ,
496 3480 520 3526 4.
545 3481 594 3528 ⁴15
609 3477 625 3528 b
640 3481 670 3529 9:
695 3471 797 3544 ὁμοίως
822 3471 848 3526 d'
875 3469 985 3544 ἡψυχὴ
1009 3471 1078 3526 κατὰ
1103 3471 1165 3533 τοῦς
1187 3473 1371 3543 ῦιωριομένονῖ

224 3559 345 3632 τρόπους
363 3565 432 3630 τρεῖς
452 3564 535 3613 αἰτία·
555 3561 673 3632 καὶγὰρ
693 3558 760 3614 ὅθεν
780 3557 793 3627 ἡ
809 3565 913 3627 κίνησις
931 3557 998 3625 αῦτη
1017 3570 1043 3614 et
1062 3580 1129 3629 quae
1148 3570 1301 3630 sequuntur,
1319 3555 1369 3610 coll.

225 3653 246 3716 1,
265 3657 290 3702 4.
310 3650 391 3703 4081)
407 3651 452 3701 15τ
471 3650 550 3701 τοῦτο
570 3649 602 3702 δὲ
619 3646 657 3720 μὴ
671 3646 707 3707 ὠς
720 3649 750 3703 ἐν
763 3649 852 3721 ἐκείνη
870 3649 915 3714 τῆς
934 3643 1065 3714 κινήσεως
1084 3644 1175 3717 οὔσης,
1194 3647 1253 3702 ἀλλ’
1268 3644 1310 3700 ὁτὲ
1326 3642 1370 3716 μὲν

226 3727 307 3809 μέγρι
332 3737 435 3802 ἐκείνης
459 3734 502 3788 ὁτὲ
528 3735 555 3787 d’
577 3733 628 3788 ἀπ’
649 3736 760 3803 ἐκείνης.
799 3739 819 3802 Ι,
839 3743 863 3790 4.
882 3740 934 3789 408
947 3736 965 3787 b
979 3741 1027 3788 30:
1051 3732 1091 3789 ὅτι
1110 3738 1164 3807 μὲν
1184 3730 1234 3791 οῦκ
1254 3734 1304 3804 οῦχ
1321 3724 1370 3783 οἷόν

224 3843 251 3879 τε
270 3829 406 3879 κινεῖσθαι
427 3822 474 3891 τὴν
494 3821 596 3893 ψυχήν,
615 3822 740 3894 φανερὸν
759 3824 789 3878 ἐκ
807 3821 918 3878 τούτων’
939 3826 963 3876 al
975 3822 1004 3874 δ’
1019 3820 1088 3883 ὅλοις
1100 3823 1138 3896 μὴ
1158 3829 1280 3888 κινεῖται,
1298 3821 1370 3887 δῆλον

225 3910 261 3973 uic
280 3911 343 3968 οὐδ’
364 3908 417 3983 ὑφ’
438 3911 541 3980 ἑαυτῆς.

296 4001 318 4068 ⁴)
337 4003 367 4054 L.
385 4002 402 4052 Ι.
421 4003 469 4065 ΙΙΙ,
492 4008 530 4055 10.
549 4005 600 4053 433
614 4001 632 4052 b
648 4006 691 4054 10:
710 3999 774 4054 aren
792 3998 846 4070 μὲν
865 3997 896 4052 ἓν
914 3994 949 4052 ἄν
967 4001 1008 4064 εἴη
1020 3998 1050 4052 τὸ
1065 4001 1169 4064 κινοῦν,
1188 3998 1217 4053 τὸ
1231 3990 1369 4069 ῦρτκτικόνι

224 4075 241 4161 ᾗ
260 4085 411 4158 ὀρεκτικόν,
434 4090 544 4158 πρῶτον
564 4088 594 4141 δὲ
614 4083 726 4142 πάντων
744 4084 773 4140 τὸ
793 4082 917 4154 ὀρεκτόν,
941 4086 1036 4154 (τοῦτο
1058 4085 1113 4157 γὰρ
1142 4091 1214 4142 κινεῖ
1237 4083 1270 4139 οῦ
1292 4076 1369 4138 κινού·

222 4193 310 4246 μενον
328 4177 365 4243 τῷ
384 4175 518 4241 νοηθῆναι
530 4171 547 4241 ἢ
560 4175 780 4244 ηιιντττσῦῆνιιι),
798 4168 910 4243 ἀριθμοῦ
929 4171 959 4226 til
979 4176 1063 4227 πλείω
1082 4171 1115 4226 τῦ
1129 4175 1269 4228 κινοῦντα.
1286 4163 1367 4230 ἐπειδὴ
1415 4239 1416 4242 ¹

224 4263 251 4316 δ’
272 4262 329 4317 ἐστὶ
348 4267 423 4333 τρία,
442 4262 474 4316 ἓν
490 4262 544 4333 μὲν
562 4263 592 4315 τὸ
612 4264 715 4328 κινοῦν,
735 4257 862 4330 δεύτερον
882 4256 910 4313 δ’
932 4247 954 4330 ᾧ
971 4266 1058 4326 κινεῖ,
1077 4262 1114 4314 ἔτι
1134 4265 1226 4332 τρίτον
1244 4257 1273 4315 τὸ
1291 4249 1367 4312 aurel»
1415 4245 1416 4248 ¹

223 4365 318 4422 μενον·
340 4350 370 4405 τὸ
395 4350 426 4404 dl
449 4353 547 4406 κινοῦν
565 4346 666 4416 διττόν,
689 4349 718 4404 τό
737 4349 791 4421 μὲν
810 4345 950 4416 ἀκίνητον,
973 4347 1002 4402 τὸ
1024 4348 1054 4402 δὲ
1073 4350 1169 4404 κινοῦν
1189 4353 1235 4402 καὶ
1253 4341 1366 4414 κινοῦμε-

222 4457 280 4496 νον
301 4438 358 4492 ἐστὶ
376 4437 407 4491 dl
425 4437 455 4491 τό
474 4438 528 4510 μὲν
546 4436 675 4506 ἀκίνητον
693 4436 723 4493 τὸ
744 4435 867 4508 πριικτόν
887 4433 998 4507 ἀγαθόν
1014 4445 1041 4489 ot
1059 4454 1126 4504 quoe
1145 4445 1299 4504 sequuntur.

469 4673 479 4702 ’

1401 4951 1413 5021 l
