2950 5076
548 427 777 492 -119-

88 602 258 688 συμπλοκή
287 596 458 687 φαντασία
486 595 590 666 ἐστίν·
620 591 659 665 οῦ
693 596 754 684 γὰρ
777 596 818 686 δὴ
842 593 877 663 ἐκ
899 599 958 685 τῆς
980 591 1080 684 δόξης
1100 597 1161 680 μὲν
1182 600 1241 686 τῆς

87 717 144 780 τοῦ
167 707 314 800 ἀγαθοῦ,
337 705 533 799 αἰσθήσεως
555 709 593 777 δὲ
610 711 669 794 τῆς
690 711 752 776 τοῦ
773 708 901 776 λευκοῦ.

167 821 366 910 Incipiamus
389 845 418 890 a.
442 846 475 887 v.
497 822 588 887 ³28:
611 817 696 904 λέγω
719 812 765 893 δ’,
789 813 819 884 εί
840 821 900 906 τῆς
920 820 982 884 τοῦ
1002 819 1121 884 λευκοῦ
1141 814 1241 905 δόξης

87 932 139 1000 καί
162 923 399 1021 αἷσθήσεωςὴ
424 928 599 1018 συμπλοκή
624 925 793 1018 φαντασία
823 926 912 996 ε’στίν
939 928 1007 996 κτλ.
1048 928 1129 995 Cum
1154 928 1239 1016 λέγω

87 1041 124 1110 δέ
148 1042 287 1109 formula
318 1042 526 1131 explicationi
547 1041 717 1122 inserviat,
749 1039 790 1104 ad
820 1063 918 1128 quam
946 1038 1137 1106 sententiam
1159 1040 1240 1106 haec

87 1162 230 1241 spectent
257 1152 433 1240 quaeritur.
478 1151 631 1219 Profecto
657 1172 722 1214 non
751 1148 792 1214 ad
815 1171 854 1213 ea
877 1171 961 1237 quae
984 1149 1132 1239 proxime
1155 1161 1241 1217 ante·

88 1261 219 1329 cedunt:
242 1257 301 1328 διαί
322 1285 359 1328 τε
379 1263 485 1328 ταῦτα
507 1260 564 1326 καὶ
586 1259 690 1346 δῆλον
713 1255 766 1324 ὅτι
789 1253 849 1326 οῦκ
871 1250 977 1325 ῦλλου
997 1255 1089 1338 τινός
1110 1255 1239 1350 ἐστινὴ

88 1368 178 1451 δόξα,
202 1367 281 1438 ἀλλ’
297 1368 425 1439 ἐκείνου
446 1370 535 1440 ἐστίν
557 1359 599 1438 οῦ
619 1369 677 1436 καί
691 1364 864 1456 αἴσθησις,
886 1369 943 1434 sed
966 1369 1007 1434 ad
1030 1373 1241 1438 sententiam:

88 1482 231 1569 φανερόν
245 1479 355 1550 τοίνυν
373 1479 426 1550 ὅτι
442 1477 524 1550 οῦδὲ
539 1476 623 1560 δόξα
639 1474 713 1564 μετ’
732 1475 935 1567 αἰσθήσεως,
959 1472 1040 1548 οῦδὲ
1055 1475 1104 1546 δι’
1122 1477 1241 1570 αίσδό·

89 1615 178 1672 σεως,
201 1587 281 1661 οῦδὲ
303 1593 478 1680 συμπλοκὴ
502 1587 602 1680 δόξης
624 1589 681 1656 καὶ
703 1584 898 1678 αἰσθήσεως
920 1587 1090 1677 φαντασία
1111 1583 1154 1659 llo
1175 1589 1239 1682 el'p.

90 1701 153 1768 (lor
174 1712 282 1769 sutem
303 1705 384 1770 haec
406 1704 489 1768 inter
511 1725 547 1769 se
568 1703 716 1768 seiuncta
738 1700 812 1780 sint,
834 1723 933 1765 causa
954 1711 1090 1790 apparet
1109 1726 1241 1788 prorsus

88 1813 182 1878 nulla.
233 1814 343 1900 Atque
375 1812 502 1878 accedit
536 1810 623 1878 aliud
659 1810 747 1899 quid.
800 1809 882 1876 Cum
918 1810 1058 1878 dicetur:
1096 1813 1242 1901 φανερόν

87 1919 195 2014 τοίνυν
221 1919 276 1989 ὅτι
303 1916 384 1990 οῦδὲ
410 1918 495 2002 δόξα
520 1917 594 2004 μετ’
623 1915 833 2007 αἰσθήσεως,
859 1915 941 1988 οὐδὲ
963 1921 1011 1987 δι’
1036 1917 1240 2012 αἰσθήσεως,

87 2025 165 2100 οῦδὲ
191 2029 366 2120 συμπλοκή
394 2027 494 2119 δόξης
521 2035 578 2101 καὶ
606 2027 802 2120 αἰσθήσεως
823 2028 994 2117 φαντασία
1021 2025 1062 2097 δυ
1084 2029 1150 2120 εἴη,
1182 2032 1241 2102 διό

88 2167 121 2211 τε
141 2146 245 2210 ταῦτα
268 2141 325 2208 καί
348 2142 451 2230 δῆλον
473 2140 526 2211 δτι
548 2138 610 2212 οῦκ
633 2136 739 2210 δίλλου
766 2136 859 2221 τινός
881 2139 971 2210 ἔστιν
993 2135 1013 2231 ἦ
1037 2139 1131 2224 δόξα,
1160 2139 1239 2211 ἀλλ’

12 2263 14 2320 f
87 2251 211 2322 ἐκείνου
232 2251 323 2322 ἐστὶν
345 2239 388 2319 οῦ
409 2252 465 2320 καί
487 2251 660 2343 αἴσθησις,
683 2251 758 2320 inde
781 2253 868 2341 quod
890 2253 1062 2340 phantasia
1084 2277 1154 2322 esse
1175 2280 1240 2322 non

87 2365 184 2452 possit
212 2363 321 2453 opinio
349 2387 423 2429 cum
451 2387 603 2432 sensuum
631 2364 840 2453 perceptione
862 2364 1035 2430 coniuncta
1056 2373 1112 2430 aut
1134 2366 1242 2454 opinio

89 2497 168 2561 quae
188 2497 248 2564 per
262 2495 420 2568 ⁸sensuum
449 2475 690 2561 perceptionem
718 2474 865 2558 efficitur,
893 2475 1056 2562 colligitur
1082 2476 1242 2563 opinionis

12 2623 14 2682 p
88 2595 119 2649 et
139 2581 354 2674 perceptionis
376 2581 539 2650 obiectum
561 2603 633 2648 esse
654 2583 750 2649 idem.
784 2584 881 2664 Quod
903 2609 1037 2673 prorsus
1059 2596 1172 2652 contra
1193 2589 1240 2671 fit,

88 2703 180 2781 atque
205 2692 281 2759 inde
309 2691 396 2782 quod
424 2692 532 2781 opinio
555 2691 669 2758 codem
692 2715 756 2782 quo
779 2715 931 2760 sensuum
953 2695 1120 2782 perceptio
1141 2696 1243 2764 utitur

87 2802 208 2870 obiecto
242 2806 387 2891 (semper
413 2803 498 2870 enim
527 2802 635 2889 opinio
663 2802 804 2891 pertinet
831 2804 872 2868 sd
899 2827 953 2870 res
983 2825 1066 2892 quae
1094 2807 1242 2875 sensibus

87 2911 317 3001 percipiuntur)
344 2911 560 3000 consequitur,
595 2921 630 2977 ut
665 2910 837 3000 phantasia
862 2935 934 2980 esse
963 2925 1106 3000 nequeat
1132 2917 1240 3004 opinio

87 3043 155 3088 cnm
184 3021 392 3110 perceptione
428 3022 607 3088 coniuncta.
651 3023 835 3090 Nemeum
868 3020 995 3089 obiecta
1024 3025 1089 3090 sint
1114 3028 1239 3112 cadem,

86 3140 249 3220 utramque
264 3131 425 3197 actionem
440 3131 468 3196 si
483 3129 716 3216 conciliaveris,
734 3132 809 3200 novi
823 3133 999 3221 quidquam
1015 3157 1080 3201 non
1094 3138 1240 3222 exsistet,

87 3239 124 3304 cf.
144 3239 244 3307 4281»
263 3244 294 3306 1:
315 3238 354 3308 τδ
375 3231 435 3308 οῦν
452 3235 642 3329 φαίνεσθαι
657 3237 753 3309 iicet
767 3242 829 3329 (sic
845 3265 919 3308 cunr
936 3243 1239 3335 Trendelenburgio

86 3349 286 3416 scribendum
314 3372 385 3418 esso
411 3351 577 3441 potamus)
604 3351 644 3420 τό
672 3350 828 3436 δοξάζειν
855 3349 940 3439 ὅπερ
968 3348 1172 3424 αἰσθάνεται
1190 3359 1237 3449 μη

86 3458 165 3526 me
187 3455 404 3546 συμβεβηκός.
448 3462 564 3550 Itaque
586 3464 687 3530 verbo
704 3461 888 3530 Aristotelis
910 3461 1088 3550 redigenda
1108 3477 1183 3534 sunt
1204 3467 1238 3535 in

86 3565 165 3636 hunc
193 3570 356 3636 ordinem:
383 3564 444 3636 διδ
470 3595 507 3638 τε
527 3574 633 3639 ταῦτα
655 3572 713 3640 καὶ
733 3572 840 3664 δῆλον
862 3569 916 3640 ότι
938 3568 997 3642 οῦν
1019 3566 1126 3644 δίλλου
1146 3575 1238 3658 τινός

86 3669 169 3746 ἔστιν
190 3673 211 3767 ἡ
235 3675 339 3760 δόξα,
367 3674 445 3746 ἀλλ’
469 3678 597 3750 ἐκείνου
626 3682 715 3752 ἐστίν
747 3673 790 3753 οὗ
816 3682 873 3751 καὶ
895 3679 1069 3772 αἴσθησις.
1091 3688 1238 3774 φανερόν

84 3785 188 3858 τοίνυν
210 3786 265 3856 tu
287 3784 369 3859 οῦδὲ
396 3786 484 3872 δόξα
507 3787 585 3876 μετ’
610 3789 822 3884 αἰσθήσεως,
853 3788 934 3862 οῦδὲ
959 3790 1007 3862 δι’
1033 3792 1236 3886 αἰσθήσεως,

85 3892 160 3969 utet
185 3899 359 3990 συμπλοκὴ
383 3897 483 3990 δόξης
504 3902 562 3970 καὶ
584 3900 780 3994 αἰσθήσεως
801 3901 972 3990 φαντασία
999 3899 1041 3972 δν
1061 3901 1123 3994 εἴη.
1150 3906 1237 3995 λέγω

85 4001 125 4088 δ’,
146 4007 177 4079 τί
195 4013 256 4100 τῆς
275 4013 336 4078 τοῦ
359 4013 478 4080 λευκοῦ
499 4009 600 4102 δόξης
617 4017 674 4084 καὶ
695 4012 893 4102 αἰσθήσεως
914 4011 934 4104 ἡ
958 4015 1134 4105 συμπλοκὴ
1157 4041 1238 4108 φαν-

83 4117 178 4190 τασία
203 4117 307 4190 ἐστίν·
338 4116 378 4190 οῦ
404 4120 466 4214 γὰρ
495 4123 536 4214 δὴ
564 4122 600 4192 δν
625 4130 684 4216 τῆς
710 4125 815 4215 δόξης
838 4125 900 4212 μὲν
920 4131 979 4218 τῆς
1007 4129 1069 4196 τοῦ
1091 4121 1236 4216 ἀγαθοῦ,

84 4221 269 4320 (εἰσδόσεως
297 4229 336 4301 δί
364 4237 424 4322 τῆς
449 4239 511 4304 τοῦ
538 4237 675 4308 λευκοῦ·
703 4237 744 4308 τδ
773 4229 833 4306 οῦν
858 4237 1050 4328 φαίνεσθαι
1076 4235 1170 4308 ἔσται
1196 4239 1236 4310 τό

84 4336 229 4426 δοξάζειν
251 4339 336 4434 ὅπερ
360 4341 564 4417 αἰσθάνεται
585 4347 632 4438 μή
657 4352 744 4418 κατὰ
767 4345 985 4436 συμβεβηκός.
