2870 5076
529 433 735 499 ..27-

146 606 317 696 Poetqnam
339 627 423 695 quae
445 605 527 672 ratio
549 613 701 694 quattuor
723 605 826 672 eaueie
842 603 1045 672 Aristoteleia
1067 603 1152 670 inter
1173 623 1210 668 ιο

82 715 240 784 intercedat
260 717 484 805 exposuimus,
507 715 548 782 ad
570 715 694 782 initium
717 714 941 804 disputationis
963 715 1056 782 nobie
1078 713 1213 780 redeun-

78 829 138 894 dum
172 837 226 895 eet.
253 828 407 893 Dixerat
441 827 633 894 Aristotelea
668 825 912 914 unumquidque
949 837 1065 893 natura
1098 825 1212 906 areeri,

78 949 106 1004 ut
124 961 213 1027 opere
235 961 298 1027 qne
321 939 485 1026 fungatur.
531 938 606 1004 Non
634 943 740 1002 autem
770 956 963 1002 coacervare
990 947 1106 1002 natura
1127 945 1214 1001 amat

78 1049 235 1138 compluria
256 1069 356 1135 opera
384 1049 418 1114 in
439 1067 507 1114 rem
530 1069 641 1128 unam,
670 1044 728 1110 eed
755 1067 847 1111 auum
877 1047 994 1135 auique
1021 1049 1127 1133 operi,
1156 1043 1211 1110 ubi

77 1157 131 1222 fieri
156 1169 274 1247 puteat,
305 1159 489 1247 suppeditat
515 1156 774 1222 instrumentum.
818 1155 953 1222 Minime
983 1158 1068 1222 enim
1098 1165 1213 1222 natura

75 1267 143 1334 nolet
162 1269 267 1336 fecere
287 1270 353 1335 tale
375 1269 461 1357 qnid,
485 1268 612 1355 qualem
634 1265 717 1331 fabri
739 1265 882 1354 gladium
906 1267 1101 1356 Delphicum
1114 1265 1138 1352 ¹)
1158 1275 1215 1332 aut

76 1375 200 1444 lanaeum
228 1401 311 1466 quae
340 1379 453 1446 eadem
483 1378 525 1444 ait
554 1375 804 1466 lychnuchue’).
848 1376 914 1444 Sed
946 1377 988 1442 ad
1020 1377 1085 1446 duo
1114 1397 1226 1466 opera·

76 1489 251 1574 praestanda
276 1499 393 1556 natura
422 1512 487 1557 non
512 1487 611 1554 utitur
634 1487 747 1554 eadem
777 1510 827 1569 re,
853 1487 914 1552 nisi
942 1487 1000 1553 ubi
1029 1488 1122 1554 aliter
1144 1487 1223 1553 fient

76 1599 214 1686 παισὶν).
259 1597 450 1678 Quodnam
472 1599 731 1681 itaee,habeat,
763 1598 841 1686 quin
865 1598 1046 1684 cumplures
1068 1621 1120 1664 ree
1143 1621 1216 1664 uon·

77 1707 206 1774 rilientnr
226 1709 259 1774 in
280 1731 388 1784 unam,
410 1711 456 1776 itu
477 1720 513 1776 ut
532 1710 596 1776 iam
613 1709 772 1774 exsistant
793 1708 861 1775 eiua
883 1717 1002 1796 partes,
1025 1709 1097 1774 fieri
1118 1707 1218 1775 omni·

76 1837 108 1880 no
133 1819 250 1907 nequit.
294 1820 351 1888 Sic
379 1820 491 1888 vident
513 1821 611 1903 oculi,
641 1817 741 1906 pedee
772 1828 919 1900 currunt,
950 1818 1085 1885 andiunt
1111 1841 1215 1904 auree,

76 1927 120 1992 eed
139 1930 300 1996 eeiunetae
321 1941 556 2019 separataeque
571 1951 630 1996 eae
645 1949 698 1995 ree
714 1937 863 1994 constare
877 1951 942 1995 non
958 1939 1103 2017 poseant
1139 1929 1215 1996 Non

77 2035 147 2102 mim
168 2059 225 2126 per
247 2063 283 2105 ee
304 2063 362 2130 pan
385 2051 436 2108 eet
457 2061 564 2129 neque
585 2061 716 2120 manue,
744 2039 805 2104 niei
835 2038 921 2126 quod
946 2038 1216 2106 eodem-utuntur

75 2149 194 2214 nemine.
238 2153 354 2241 Itaque
383 2153 621 2239 coniungantur
648 2169 783 2216 neeeeee
813 2159 861 2214 eet
888 2160 921 2214 et
949 2169 1017 2214 rem
1042 2149 1218 2216 uonfiuiant

76 2277 164 2323 unam.
208 2261 303 2342 Quod
326 2262 395 2328 fieri
418 2283 483 2328 nan
505 2271 622 2351 petest,
645 2261 706 2328 niei
729 2283 805 2350 pare
827 2259 932 2326 altera
954 2260 1086 2327 alteriue
1107 2268 1140 2326 et
1154 2260 1217 2326 ein·

75 2368 154 2452 gulae
182 2371 323 2438 omnium
350 2372 475 2438 ratione
505 2371 615 2437 habita
643 2371 837 2440 afficiuntur.
882 2372 995 2460 Atque
1016 2391 1054 2438 re
1075 2393 1155 2436 vera
1177 2391 1215 2435 eo

76 2480 154 2546 modo
174 2493 288 2548 natura
309 2505 445 2571 corpora
466 2483 612 2564 institnit,
637 2481 737 2548 veluti
760 2480 947 2550 animalium
970 2480 1056 2550 oculi
1071 2490 1103 2548 at
1117 2479 1217 2568 pedee

75 2589 185 2679 utrique
205 2593 246 2658 ab
262 2594 424 2660 anteriore
440 2591 585 2681 corporis
607 2603 700 2682 parte
718 2591 866 2660 oollouati
887 2605 972 2676 eunt,
997 2617 1070 2661 aum
1092 2611 1218 2660 summa

75 2713 145 2766 eeeet
165 2703 388 2792 dieurepantia,
410 2703 438 2768 ei
460 2704 549 2770 viane
571 2723 636 2770 nou
660 2704 776 2771 eadem
798 2727 864 2792 qua
884 2704 985 2792 pedee
1007 2713 1153 2771 uteretur
1173 2701 1218 2767 di·

73 2811 208 2880 rectione.
244 2813 389 2882 Neeeeee
411 2815 498 2882 enim
519 2823 570 2880 eet
590 2814 783 2902 praevidere
801 2815 915 2904 idque
937 2813 1052 2884 tendat
1071 2810 1217 2899 motio⁴).

74 2977 253 2992 ψ·-

16 3137 17 3140 ,
74 3078 197 3151 φερόμενα
215 3081 245 3137 ed
265 3083 321 3152 πῦρ
340 3083 387 3135 καὶ
404 3080 453 3148 τὴν
476 3083 542 3150 rim
568 3079 810 3148 διασπασθήσεται
834 3079 902 3152 γάρ,
926 3083 951 3135 et
972 3077 1012 3154 μή
1035 3101 1060 3136 τι
1085 3079 1161 3136 ἔσται
1187 3075 1217 3134 ad

16 3149 18 3254 fl
75 3171 197 3225 ιιιὶῠαον·
216 3173 242 3224 et
259 3167 288 3222 θ’
309 3169 395 3236 ἔσται,
414 3165 489 3222 τοῦθ
510 3169 585 3223 ἔστιν
602 3166 619 3236 ἡ
638 3167 724 3238 ψυχή.

136 3259 154 3326 ¹)
169 3259 249 3314 Pone.
268 3259 290 3324 1,
310 3263 334 3310 t.
356 3262 423 3310 12⁵2
437 3257 455 3310 b
471 3264 493 3312 1.
521 3259 653 3326 Gtttding.
673 3259 865 3312 commentario
883 3257 915 3308 de
929 3258 1223 3328 machaeraDelphiea,

16 3389 18 3406 f
72 3359 129 3408 quae
149 3355 187 3400 eet
210 3346 281 3415 apud
305 3346 481 3401 Aristotelem.
512 3347 603 3414 Progr.
627 3349 736 3400 Jenene.
765 3363 789 3397 a.
812 3345 999 3398 MDCCCLVI.
1027 3363 1053 3414 p.
1074 3349 1120 3399 tu:
1141 3347 1221 3410 ,Fuit

75 3431 145 3498 igitur
164 3436 302 3488 machaera
323 3433 453 3500 Delphica
476 3437 515 3486 ita
537 3434 693 3494 fabrefacta,
724 3439 754 3484 ut
784 3433 868 3484 eultro
896 3435 948 3500 ipsi
971 3435 1128 3486 adiunctum
1151 3439 1221 3485 eeeet

16 3539 17 3578 1
74 3521 179 3574 mehlear
204 3525 317 3574 ferreum
347 3521 390 3572 val
421 3521 474 3574 tale
504 3521 582 3588 qnid,
610 3535 677 3587 quo,
708 3521 867 3587 simulatque
889 3523 949 3588 ipea
972 3523 1084 3575 vietima
1106 3527 1221 3575 maetate

75 3607 145 3661 enitro
162 3618 238 3676 meet,
257 3608 390 3674 extemplo
408 3609 441 3660 ad
459 3607 619 3661 eulinarium
637 3611 773 3676 negotium
790 3612 831 3660 nti
849 3617 958 3676 pereant
975 3611 1100 3680 Delphi·

136 3697 211 3760 ¹)Da
229 3705 294 3766 part
314 3713 356 3748 an.
375 3696 425 3760 IV,
445 3700 470 3748 6.
492 3699 543 3749 688
556 3712 572 3748 a
585 3700 631 3747 22:
656 3693 730 3748 ὄπου
751 3693 807 3765 γὰρ
830 3695 970 3766 ἐνδέχεται
989 3700 1116 3766 χρῆσθαι
1138 3697 1221 3751 δυσὶν

76 3779 114 3832 tat
131 3781 174 3836 δύ’
194 3784 263 3856 ἔργα
281 3783 329 3836 aut
345 3781 385 3853 μὴ
403 3781 562 3854 ἐμποδίζειν
580 3779 650 3850 πρὸς
667 3783 770 3854 ἕτερον,
790 3781 874 3840 οὐδὲν
892 3781 908 3852 ἡ
926 3781 1011 3856 φύσις
1028 3789 1112 3840 εἴωθε
1128 3789 1220 3842 ποιεῖν

73 3863 154 3940 ὅσπερ
171 3867 368 3940 eigelramni,
391 3869 460 3942 πρὸς
482 3867 619 3926 εὐτέλειαν
641 3867 893 3940 ὀβελισκολύχνιον.
931 3873 1060 3942 eetuing.
1079 3875 1097 3927 Ι.
1117 3875 1217 3942 1.ρ.8.

134 3957 152 4022 ³)
169 3959 199 4012 In
218 3977 272 4028 qna
289 3961 421 4012 eententia
431 3974 485 4014 nun
498 3961 564 4013 eatie
577 3960 630 4012 eibi
643 3967 764 4013 eunetare
775 3963 945 4015 An'etotelem
959 3975 1020 4015 rere
1033 3963 1218 4015 animadvertit

72 4041 157 4110 leyen.
190 4049 325 4102 Arietatel.
345 4048 452 4104 emera.
474 4053 575 4117 utto,
599 4050 644 4101 uui
662 4051 806 4102 aeeentitnr
823 4051 916 4103 Zeller.
952 4051 1052 4103 Philae.
1071 4051 1097 4102 d.
1116 4051 1162 4104 (ir.
1181 4052 1217 4118 ΙΙ,

73 4131 92 4180 ²·
108 4149 130 4200 p.
143 4139 200 4190 tet.

133 4223 151 4286 ⁴)
169 4226 208 4276 De
224 4231 292 4293 part.
311 4242 355 4277 αιι.
374 4225 413 4290 11,
435 4229 475 4278 10.
495 4224 577 4278 6561)
590 4229 637 4278 tt:
661 4227 788 4278 τέτακται
811 4224 842 4280 δὲ
866 4223 915 4280 τὸν
938 4222 1044 4295 τρόπον
1066 4225 1216 4282 undenarii

72 4307 220 4382 ἀσθηιὴρια
238 4313 272 4384 τῇ
290 4308 374 4382 φύσει
392 4313 489 4380 καλῶς,
508 4311 542 4366 τὰ
558 4311 612 4382 μὲν
629 4313 675 4380 τῆς
693 4309 777 4376 ἀκοῆς
795 4311 842 4366 ent
857 4315 943 4384 μέσης
965 4313 1011 4378 τῆς
1029 4319 1215 4386 περιφερείας,

72 4395 158 4464 ···.ri
176 4397 204 4452 θ’
224 4393 290 4468 ὄψις
307 4401 346 4460 etr
362 4397 393 4452 ed
413 4401 574 4472 ἔμπροσθεν
592 4397 656 4468 (ὁρᾷ
673 4400 729 4471 γὰρ
747 4397 809 4452 παιΙ
831 4397 1002 4472 εὐθυωρίαν,
1025 4399 1041 4470 ἡ
1061 4401 1091 4458 di
1110 4408 1217 4472 κίνησις

72 4483 104 4540 dr
120 4487 147 4540 ιό
165 4487 333 4564 ἔμπροσθεν,
352 4491 479 4562 προορᾶν
497 4487 529 4544 δὲ
548 4487 593 4544 δεῖ
609 4485 656 4560 ἐφ’
677 4483 870 4556 dietaque).
