2870 5076
557 416 764 482 ..91..

96 585 264 674 tectamque
287 584 342 674 qui
366 589 504 675 prepare
526 596 597 653 tout
618 610 698 675 pour
721 587 791 652 elle.
829 586 913 652 Dieu
928 606 970 652 ne
986 583 1125 650 descend
1147 581 1239 669 point

95 699 306 781 ignoverner
327 697 375 764 les
398 697 529 779 choses3
558 699 634 762 o'est
662 701 682 762 a
707 697 740 762 la
767 705 880 762 nature
910 695 1146 782 qu'appartient
1171 692 1238 758 l'ar-

95 804 317 893 chitectoniqne
340 804 382 870 du
405 806 537 890 monde3
562 807 638 872 c'est
660 805 722 872 elle
746 805 801 892 qui
824 805 951 892 dispose
968 829 1008 870 en
1024 826 1085 870 vne
1103 803 1144 868 du
1160 802 1236 868 bien

93 919 230 1000 supreme
252 915 332 980 dont
354 915 415 981 elle
438 925 488 982 est
509 915 639 997 attiree,
669 917 724 1002 qui
746 916 805 980 fait
828 915 923 980 sortir
945 922 1076 1001 partout
1099 911 1129 976 le
1151 910 1238 978 meil-

92 1021 215 1088 leurdo
242 1024 399 1111 possible,
427 1035 459 1092 et
489 1026 543 1111 qui
572 1023 695 1112 repand
719 1035 863 1112 parturit,
894 1045 1019 1090 comme
1046 1045 1109 1088 une
1136 1018 1238 1107 provi·

92 1130 182 1198 denec
204 1133 369 1220 vigilante,
393 1133 425 1198 la
447 1133 645 1220 proportion,
669 1134 854 1200 l'harmonie
878 1144 910 1199 et
931 1133 962 1198 la
984 1133 1099 1198 beaute
1115 1133 1165 1213 ').“

166 1243 319 1308 Videmus
350 1243 449 1330 igitur
484 1243 645 1310 hominem
682 1242 813 1308 doctum
847 1254 993 1308 naturam
1023 1240 1116 1329 quasi
1145 1239 1237 1306 iuxta

92 1349 175 1418 deum
197 1374 317 1441 ponere
340 1355 437 1448 idque
460 1375 499 1418 eo
518 1352 623 1430 modo,
648 1353 752 1418 utillo
767 1352 901 1418 rationis
916 1353 1080 1440 particeps
1095 1350 1236 1416 omnium

90 1483 185 1528 rerum
208 1462 357 1528 effectrix
380 1464 421 1528 sit
443 1473 543 1552 atque
566 1465 725 1542 creatrix,
750 1473 862 1528 contra
885 1463 962 1528 dens
985 1461 1029 1528 nil
1051 1460 1114 1526 nisi
1136 1469 1238 1526 semet

89 1571 182 1659 ipsum
206 1573 337 1660 cogitet.
381 1571 479 1652 Quod
506 1574 532 1638 si
559 1573 769 1638 statuendum
799 1583 860 1654 est,
887 1593 1008 1658 negare
1036 1594 1099 1638 non
1130 1594 1239 1658 possu-

89 1703 150 1748 mus
172 1693 271 1750 totam
290 1682 470 1750 doctrinam
488 1682 715 1748 Aristoteleam
733 1682 887 1748 vacillare
903 1692 935 1747 et
950 1682 1141 1763 claudicare,
1165 1703 1237 1746 cum

89 1791 225 1882 principii
248 1792 354 1860 unitas
377 1792 578 1860 desideretur
600 1803 700 1880 atque
723 1793 867 1858 maximo
884 1815 981 1880 opere
996 1794 1038 1858 sit
1052 1791 1239 1876 verendum,

89 1923 124 1966 oe
149 1903 227 1968 deus
255 1903 422 1968 habendus
450 1905 492 1969 sit
522 1925 580 1990 pro
606 1902 712 1968 inutili
735 1926 773 1968 ec
796 1923 1047 1988 supervacaneo.
1092 1902 1159 1970 Sed
1181 1901 1242 1990 pri·

89 2033 168 2078 mum
190 2013 408 2101 quaerendum
437 2003 503 2096 est,
530 2013 608 2100 quid
632 2013 799 2078 Aristoteli
823 2012 1011 2098 sitynatura.
1055 2016 1104 2082 Ae
1127 2013 1243 2100 prima·

89 2121 162 2188 n'am
184 2123 314 2210 quidem
336 2135 369 2190 et
390 2125 553 2212 propriam
582 2123 675 2190 huius
703 2121 854 2188 vocabuli
877 2125 1040 2192 notionem
1064 2125 1090 2190 si
1113 2123 1241 2210 respici·

88 2252 167 2314 mus,
193 2244 311 2299 natura
337 2247 387 2300 est
413 2236 518 2300 lorma
547 2245 579 2300 et
606 2233 787 2298 substantia
809 2221 918 2300 r'crum
942 2259 1027 2323 quae
1049 2234 1241 2324 principium

87 2343 229 2408 motionis
259 2353 292 2410 et
320 2345 436 2431 quietis
471 2347 504 2412 in
538 2367 574 2410 se
604 2341 769 2428 habent¹).
814 2345 929 2432 ltaque
966 2346 1021 2412 ubi
1053 2343 1242 2412 Aristotelea

86 2461 227 2520 naturam
251 2464 347 2520 vocat
368 2455 552 2524 universam
580 2453 773 2541 procreandi
796 2464 829 2519 et
850 2457 991 2542 augendi
1015 2458 1079 2522 vim
1104 2456 1241 2543 quaein

88 2559 174 2628 buius
196 2562 306 2630 muudi
328 2565 425 2630 rebus
449 2568 549 2648 inest,
572 2567 617 2631 ita
641 2572 675 2629 ut
696 2565 843 2649 proxime
865 2565 998 2630 accedat
1020 2567 1060 2632 ad
1084 2565 1243 2653 siguifica-

87 2671 198 2738 tionem
222 2697 320 2762 quam
342 2697 401 2741 nos
425 2677 496 2744 voci
518 2674 564 2740 illi
591 2674 739 2742 subicere
766 2674 922 2755 solemus,
952 2675 1171 2764 intellegenda
1195 2685 1244 2742 est

87 2803 207 2850 summa
233 2783 410 2852 formarum
438 2809 477 2852 ac
506 2785 758 2854 substantiarum
788 2805 872 2871 quae
899 2783 932 2849 in
961 2785 1058 2851 rebus
1086 2795 1189 2873 agunt
1211 2794 1243 2850 et

87 2903 265 2976 operantur.
300 2893 367 2960 Sed
390 2895 416 2962 si
441 2898 517 2985 quid
538 2897 570 2962 iu
585 2879 639 2964 ine
662 2905 710 2962 est
732 2894 982 2980 intellegentiae,
1006 2897 1131 2962 formae
1152 2895 1242 2980 ipsae

87 2999 150 3068 sive
180 3003 261 3070 lines
291 3005 459 3090 repetendi
486 3017 560 3072 sunt
588 3029 607 3072 a
635 3005 766 3072 numine
797 3004 922 3086 divino,
955 3005 1001 3070 ita
1030 3015 1066 3070 ut
1093 3013 1242 3070 naturam

87 3111 213 3180 credere
234 3137 299 3180 non
324 3115 418 3182 liceat
441 3139 571 3184 causam
593 3140 663 3186 esse
687 3115 747 3198 sui,
769 3116 868 3182 immo
892 3115 1050 3202 originem
1067 3115 1188 3180 habere
1202 3113 1243 3178 ab

1 3233 2 3284 1
86 3219 244 3290 intellectu
274 3247 408 3292 summo.
454 3227 548 3306 Quod
579 3226 643 3296 iam
667 3227 807 3292 Vaterus
836 3225 926 3291 vidit.
972 3225 1073 3292 Cuius
1097 3222 1244 3289 conferre

87 3328 157 3398 licet
182 3334 277 3400 haec:
309 3335 398 3417 ,Iam
426 3337 595 3404 redeamus
622 3337 665 3406 ad
695 3345 856 3404 naturam.
902 3339 931 3404 A
954 3345 1065 3402 nostro
1088 3331 1242 3420 loquendi

85 3463 143 3508 usn
163 3467 227 3512 nou
242 3446 404 3530 abhorret,
427 3448 535 3536 legum
556 3431 759 3528 naturalium,
785 3447 901 3535 quibus
916 3445 1045 3534 singula
1059 3453 1242 3525 teneantur,

1 3571 2 3632 j
86 3553 346 3644 singularumque
368 3569 554 3628 naturarum
571 3558 663 3646 quasi
680 3579 836 3624 summam
852 3569 1001 3624 naturam
1017 3553 1137 3621 dicere.
1169 3553 1243 3618 Hoc

85 3662 263 3748 significatu
291 3667 476 3754 saepissime
504 3671 536 3738 in
560 3668 735 3738 Aristotele
763 3668 946 3737 invenimus
966 3667 1006 3736 τὸ
1029 3667 1116 3736 κατὰ
1139 3659 1242 3752 φύσιν

86 3764 178 3842 εἶναι.
223 3775 286 3844 cai
311 3776 338 3842 si
365 3789 500 3846 naturae
526 3789 660 3868 propter
692 3777 930 3858 admirabilem,
961 3800 1057 3866 quem
1089 3773 1243 3862 conspici·

84 3907 159 3968 mos,
181 3887 302 3976 quique
317 3909 337 3951 a
351 3892 466 3958 summi
490 3889 621 3956 artificis
644 3889 776 3956 consilio
791 3890 956 3978 proiectus
972 3886 1112 3970 videtur,
1135 3905 1243 3950 rernm

86 4031 280 4048 ffl—

156 4101 162 4130 '
192 4101 212 4152 1.
250 4107 364 4156 .593s.

153 4102 172 4254 'i
190 4117 252 4244 usi
273 4194 311 4256 Δ,
331 4121 356 4244 tq.
378 4197 531 4246 suleole:
561 4191 592 4246 έκ
618 4191 651 4258 δὴ
677 4193 731 4247 τῶν
755 4193 910 4264 εἰρημένων
933 4185 949 4256 ἦ
969 4183 1063 4258 πρώτη
1090 4181 1175 4259 φύσις
1199 4185 1245 4238 καὶ

86 4281 180 4344 ruptor
197 4281 333 4348 λεγομένη
352 4277 426 4334 torta
445 4275 460 4346 ἡ
480 4277 560 4332 οὐσία
580 4277 595 4346 ἡ
614 4281 668 4334 τῶν
694 4275 816 4348 έχόντων
841 4277 932 4350 ἀρχὴν
950 4271 1085 4342 κινήσεως
1105 4277 1136 4330 ἐν
1154 4271 1247 4330 αὐτοῖς

87 4351 195 4432 indui.
231 4367 310 4420 Polis.
329 4369 350 4432 1,
370 4373 393 4420 t.
416 4373 481 4422 1²62
494 4369 512 4420 b
526 4373 572 4420 tt:
591 4365 650 4435 ἡδὲ
670 4364 753 4440 φύσις
772 4372 848 4424 τέλος
868 4370 952 4424 ἐστίν·
973 4357 1034 4418 οἷον
1053 4367 1112 4436 γὰρ
1131 4355 1247 4416 ἕκαστόν

86 4449 136 4508 Ῑθῐθ
154 4455 199 4522 ”if
216 4455 348 4526 7⁶²!th
365 4457 545 4523 selendum,
563 4453 663 4524 sciara
681 4457 779 4528 capto
797 4455 846 4524 aria
866 4453 954 4531 φύσιν
973 4451 1044 4510 ruo
1064 4447 1196 4510 saturo.
