2966 5072
549 455 687 515 ·d'l

154 623 280 707 assequi
303 639 490 708 possumus,
511 618 596 688 hunc
616 639 745 705 quoque
763 617 870 686 locum
891 617 932 684 de
953 617 1051 686 variis
1073 617 1173 686 domi·

89 711 93 720 ’
155 725 250 792 modi
272 723 377 794 modis
396 724 474 809 ¹²⁵),
498 723 538 790 do
561 743 625 809 quo
646 725 824 809 quaeritur,
847 725 881 790 in
902 721 1025 790 Ethioia
1045 721 1173 808 Magnis

154 829 344 916 explicatum
366 827 475 896 fiisse.

215 933 293 1002 Jam
314 932 422 1018 igitur,
446 931 551 1017 siqui
572 931 635 1000 loci
655 933 690 1000 in
711 932 820 1018 aliquo
842 933 926 1000 libro
945 935 1050 1000 inesse
1064 932 1174 999 dicun·

153 1045 220 1120 tur,
250 1037 350 1104 iidem
376 1038 459 1104 siin
488 1035 596 1122 aliquo
625 1057 739 1104 revera
770 1043 928 1122 apparent
954 1043 989 1104 et
1015 1037 1174 1122 legtmtur,

154 1149 209 1210 out
230 1161 342 1212 omnes
365 1147 422 1209 aut
444 1147 531 1208 certe
553 1142 713 1226 plerique,
736 1163 813 1211 num
834 1143 868 1208 id
889 1148 1010 1208 temere
1032 1147 1090 1207 aut
1110 1141 1175 1208 ior·

153 1248 234 1316 tuito
249 1246 404 1314 occidisse
417 1245 594 1328 credamus,
617 1265 659 1312 an
671 1248 719 1313 ita
734 1251 921 1330 statuamus,
943 1246 1034 1314 illum
1046 1246 1173 1328 librum,

154 1351 187 1418 in
206 1371 274 1436 quo
297 1355 384 1427 sunt,
408 1371 480 1416 esse
500 1349 638 1416 eundem
658 1352 775 1434 ipsum,
799 1371 895 1436 quem
916 1351 1056 1434 scriptor
1078 1351 1174 1434 signi-

154 1456 320 1522 ficaverit?
365 1455 458 1535 Quod
481 1456 619 1522 alterurn
642 1456 671 1521 si
691 1456 798 1521 verius
820 1461 887 1537 est,
917 1453 1004 1520 haud
1026 1455 1175 1539 equidem

154 1561 298 1641 viderim,
321 1560 400 1645 quid
415 1581 474 1626 nos
487 1564 574 1627 vetet
595 1579 655 1644 pro
677 1567 766 1626 certo
788 1560 958 1642 affirmare,
981 1560 1098 1626 Ethica
1118 1559 1176 1626 illa

154 1665 271 1750 Magno
292 1685 377 1751 qnae
397 1665 561 1748 ierimtur,
585 1686 655 1730 esse
676 1663 758 1730 nihil
778 1664 876 1746 aliud,
899 1685 996 1749 quam
1017 1665 1175 1730 Aristote-

154 1770 192 1838 lis
221 1770 426 1854 ἐξωπρικούς
453 1768 568 1850 λόγους
600 1769 649 1836 vel
677 1770 785 1853 potius
818 1790 930 1836 eorum
961 1769 1175 1852 fragmentum

154 1875 295 1962 aliquod.
341 1875 384 1942 Et
404 1876 452 1942 sie
473 1875 513 1942 de
540 1876 580 1942 iis
605 1874 787 1960 judioantes
815 1894 879 1940 non
906 1872 987 1939 libet
1014 1877 1081 1960 jam
1108 1893 1174 1938 am-

155 1982 238 2066 phus
259 1981 294 2048 in
308 2001 365 2048 eoa
380 1980 543 2064 inquirere
565 1986 598 2046 et
620 1980 736 2044 missos
757 1977 923 2058 iaciamus,
946 1980 974 2046 si
994 1977 1056 2044 hoc
1075 1999 1176 2044 unum

155 2087 345 2173 adjunxero,
368 2085 454 2170 quod
475 2083 569 2152 facile
591 2103 630 2150 en
650 2084 701 2164 iis,
724 2103 806 2167 quae
821 2083 1062 2166 disputavimus,
1085 2083 1177 2165 sequi

156 2191 365 2272 concesseris,
403 2189 587 2256 Aristotelis
620 2187 746 2272 Magnis
774 2187 951 2256 Moralibus
982 2186 1034 2254 rel
1067 2186 1176 2271 potius

155 2297 349 2380 ἐξωτερικοῖς
371 2293 478 2374 λόγοις
498 2315 564 2360 non
591 2292 727 2360 multum
757 2293 800 2360 ad
826 2292 1078 2378 cognoscendam
1108 2295 1176 2377 ejus

155 2399 375 2486 philosophiae
412 2399 572 2464 rationem
603 2397 811 2464 tribuendum
844 2417 923 2464 esse.
980 2381 1059 2476 Quis
1092 2397 1177 2464 enirn

155 2507 260 2591 prima
281 2505 438 2585 editione,
466 2508 504 2570 ut
525 2503 560 2568 in
581 2502 699 2571 haere
721 2505 770 2570 ita
790 2503 912 2584 dicam,
944 2503 992 2576 uti
1014 2500 1105 2582 velit,
1128 2521 1175 2566 se·

156 2610 260 2677 cunda
278 2610 329 2678 vol
349 2609 450 2676 tertia
472 2613 500 2676 si
521 2613 649 2694 prostat
670 2609 792 2674 venalis
813 2608 923 2674 multis
944 2606 1177 2677 rebusauctior

157 2721 189 2782 et
209 2714 411 2782 wmoctiorl
953 2769 977 2792 ,

218 2819 351 2900 aaut,
374 2817 598 2887 studemus
620 2816 661 2884 de
683 2816 867 2885 Aristotelis
889 2816 1041 2901 dialogis,
1068 2822 1177 2884 utrum

156 2926 250 2991 iniis
280 2945 320 2988 ex
347 2943 408 2990 sua
435 2923 505 3008 ipse
534 2942 675 3006 persona
704 2919 908 3004 disseruerit,
947 2941 989 2987 an
1022 2923 1177 2987 sermonis

157 3051 270 3116 expers
290 3029 460 3096 Platonem
480 3027 611 3094 imitans
641 3026 723 3093 alios
753 3027 970 3112 colloquentes
999 3025 1177 3108 induxerit3

157 3155 238 3220 quae
259 3155 313 3199 res
335 3133 413 3218 quia
435 3131 570 3218 alicujus
592 3136 642 3197 est
663 3133 817 3198 momenti
833 3133 875 3197 ad
891 3137 978 3197 recte
994 3131 1176 3197 existiman·

158 3239 231 3306 dum
253 3238 294 3304 de
316 3235 481 3304 Ciceronis
503 3235 654 3320 dialogis,
680 3257 740 3321 age
758 3241 825 3324 jam
848 3237 888 3302 dc
911 3256 950 3302 ea
969 3235 1143 3302 videamus.

220 3343 315 3422 Quod
336 3340 467 3427 quidem
487 3339 531 3406 ad
551 3339 637 3406 hanc
656 3341 878 3425 quaestionem
899 3342 1031 3422 attinet,
1053 3347 1177 3408 veteres

157 3447 339 3516 Aristotelis
360 3448 554 3530 interpretes
576 3445 655 3530 quid
687 3445 728 3510 de
758 3464 799 3512 ea
826 3466 863 3510 rc
891 3445 1064 3527 senserint,
1097 3446 1177 3512 satis

155 3553 335 3620 declarasse
355 3549 513 3616 ridentur.
557 3549 638 3615 Nam
661 3571 725 3616 uuo
746 3547 815 3614 fere
836 3567 892 3618 ore
908 3554 976 3638 ejus
999 3549 1176 3632 αὐτοπρόσ-

155 3681 231 3722 ωπα
253 3655 448 3734 oratoriae
477 3674 517 3719 ex
546 3653 680 3720 adverso
702 3660 826 3740 ponunt
840 3655 915 3742 ¹²⁶),
948 3663 980 3722 et
1003 3659 1178 3720 Ammonius

155 3765 321 3848 Emer,
350 3759 407 3828 ubi
430 3758 468 3821 td
491 3758 722 3841 σννταγματικὰ
748 3759 783 3828 in
811 3759 892 3828 duas
918 3765 1028 3844 palies
1055 3757 1177 3840 dividit,

229 3981 294 4052 ΙΙΙ)
313 3981 409 4037 Potite.
430 3987 473 4050 ΙΙΙ,
497 3989 526 4050 4,
547 3989 573 4040 Ι.
702 3983 767 4051 126)
785 3985 933 4053 Simplicius
957 3986 981 4034 iu
1001 3983 1088 4051 caup.
1113 3997 1137 4046 p.
1156 3984 1178 4034 l.

153 4071 249 4140 3.(«1.
267 4071 364 4142 aaut„
389 4075 513 4128 Doridis
534 4079 620 4145 Categ.
645 4091 669 4142 p.
688 4074 739 4136 24,
757 4077 783 4136 t,
806 4075 836 4127 18
855 4091 906 4142 sqq.
924 4073 1055 4143 mnam).
1094 4074 1176 4126 Pau·-

153 4185 237 4234 pomu
255 4167 278 4218 in
301 4167 386 4236 θυεερ.
406 4167 482 4232 aaa,
500 4167 525 4228 u,
547 4166 580 4218 10
597 4182 649 4233 sqq.
666 4163 794 4234 (Βιιιιῶ).
