2966 5072
634 489 672 549 77

138 655 189 720 lici
212 654 330 740 dialogi
347 653 561 739 appellatione
577 656 817 739 significandum
833 653 954 740 putavi.
999 653 1062 720 Sed
1077 674 1161 738 quac

136 759 239 842 ipsius
250 760 345 825 luerit
356 759 539 824 Aristotelis
552 761 759 843 consuetudo,
773 762 807 826 in
819 761 932 826 eadem
944 759 1091 843 Epistola
1101 759 1160 845 ¹⁷⁷)

136 861 290 927 declarat.
334 862 549 945 Posteaquam
572 864 656 928 euim
679 885 751 929 cum
772 864 901 930 illorum
924 863 964 929 de
985 860 1162 946 Republica

138 967 292 1032 librorum
320 967 424 1032 sonna
447 967 635 1035 contulisset
657 989 712 1035 eos
738 969 778 1035 de
801 968 953 1048 Oratore,
987 965 1160 1049 inquibus

136 1071 159 1136 ii
181 1071 349 1155 loquentes
372 1071 614 1154 inducerentur,
648 1074 704 1156 qui
733 1073 839 1157 ipsum
865 1094 924 1156 per
945 1078 1085 1138 aetatem
1108 1091 1161 1135 ex·

136 1175 315 1255 eluderent,
349 1173 428 1240 haec
460 1175 567 1241 addit:
602 1197 713 1260 „quae
742 1181 850 1242 autem
883 1175 935 1241 hic
961 1174 1161 1259 temporibus

137 1281 261 1364 scripsi,
281 1279 523 1366 Ἆρισιοτέλειον
544 1301 666 1345 morem
686 1280 823 1346 habent:
846 1281 879 1346 in
901 1301 964 1364 quo
987 1299 1092 1344 sermo
1113 1277 1162 1342 ita

136 1386 299 1452 inducitur
321 1391 514 1464 ceterorum,
545 1391 582 1449 ut
612 1406 710 1468 penes
732 1386 837 1468 ipsum
860 1386 902 1450 sit
923 1385 1160 1468 principatus“:

136 1495 169 1556 et
191 1488 328 1571 exempli
349 1488 420 1554 loco
442 1495 599 1553 memorat
614 1488 785 1572 Dialogum
807 1487 847 1554 de
869 1488 1013 1569 Finibus,
1035 1488 1069 1552 in
1092 1489 1161 1570 qui·

136 1593 199 1661 bus
209 1593 319 1658 Pisoni
333 1593 533 1676 principatus
550 1593 714 1674 tribuitur,
736 1599 807 1658 tum
818 1592 1078 1659 Academicorum
1090 1613 1160 1658 eam

137 1697 319 1776 editionem,
343 1697 377 1760 in
399 1717 463 1780 qua
477 1697 655 1762 Varronem
671 1703 704 1761 et
719 1696 863 1762 Atticum
879 1696 1062 1776 incluserat,
1086 1696 1160 1762 sibi-

137 1823 199 1887 que
221 1798 481 1880 Antiochiorum,
512 1820 594 1884 quae
616 1800 754 1865 Varroni
775 1801 962 1881 tribuisset,
992 1801 1160 1865 refutatio·

137 1926 210 1971 uem
232 1907 387 1969 seruarat.
443 1903 486 1967 Et
508 1904 584 1968 fecit
605 1903 689 1968 idem
719 1904 753 1966 in
779 1902 870 1968 libris
893 1904 932 1969 de
954 1903 1028 1969 Nat.
1052 1902 1159 1984 Deor,

138 2011 173 2074 in
199 2006 317 2092 quibus
340 2005 437 2072 Cotta
464 2014 631 2092 tamquam
660 2010 854 2074 sententiam
882 2010 1075 2092 pronunciat
1090 2009 1159 2094 ¹⁷⁸),

138 2119 207 2176 tum
228 2113 263 2176 in
282 2109 495 2192 Divinatione,
518 2114 551 2177 in
573 2133 638 2196 qua
654 2112 763 2191 Quinti
778 2111 888 2176 fratris
910 2111 1161 2194 disputationem

138 2217 206 2300 ipse
229 2213 378 2280 convellit
400 2215 538 2280 secundo
560 2215 654 2281 libro.
701 2216 783 2294 Quid
799 2218 885 2281 inter
902 2215 985 2280 hanc
1003 2216 1160 2280 rationem

139 2325 173 2384 et
194 2339 280 2400 eam,
311 2339 409 2401 quam
437 2319 590 2386 inlibris
625 2320 664 2385 de
693 2321 869 2404 Republica
898 2325 931 2386 et
962 2321 1002 2385 de
1024 2320 1161 2385 Oratore

138 2429 269 2490 secutus
302 2429 369 2504 est,
400 2423 546 2506 intersit,
578 2448 641 2492 non
668 2427 796 2493 difficile
824 2431 875 2492 est
896 2424 1160 2490 animadvertere.

138 2529 219 2596 llam
253 2530 287 2593 in
316 2526 371 2594 illo
401 2528 595 2596 Aristoteleo
630 2551 719 2597 more
752 2531 968 2615 colloquentes
996 2533 1162 2612 tamquam

162 2719 175 2724 -
202 2715 350 2724 ,μ’---

213 2840 278 2909 ΙΠ)
296 2843 330 2892 Ad
348 2844 413 2894 true
432 2845 490 2905 lilll,
511 2844 553 2895 19.
666 2841 730 2910 178)
748 2845 808 2894 Num
826 2846 882 2894 eatis
900 2853 963 2895 rede
981 2847 1004 2895 in
1023 2847 1058 2896 bis
1078 2850 1161 2899 liuline

136 2933 225 2984 &mm
243 2933 379 2982 ualentiam
397 2935 511 2984 Ciceroub
530 2933 680 2997 pronunciare
698 2932 825 2994 existimet,
852 2934 889 2982 alii
908 2934 1012 2985 viderint.
1050 2937 1160 3000 Equidem

137 3037 262 3085 numnam
280 3021 360 3070 adduci
379 3031 473 3086 potero,
491 3031 592 3087 atquae
611 3023 675 3071 Cotta
694 3021 809 3084 disputet,
834 3023 909 3072 omnia
934 3039 986 3074 erun
1012 3026 1160 3076 efiicerouis

135 3113 249 3162 menda
272 3113 403 3177 loquentem
426 3113 554 3176 disputasse
582 3112 682 3161 medam.
725 3112 783 3161 Nam
806 3127 863 3176 quae
889 3113 977 3164 Cottam
1003 3114 1082 3164 Cicero
1108 3117 1160 3167 lacit

135 3203 309 3252 camludeulern
327 3201 449 3261 mbrbifim
469 3203 506 3262 lll,
527 3199 569 3260 37,
589 3199 639 3251 89:
664 3199 719 3260 „Sic
737 3200 797 3250 euim
815 3215 852 3249 rea
877 3215 902 3250 se
921 3201 995 3263 babet,
1015 3211 1040 3253 ut
1057 3205 1086 3253 ad
1104 3219 1160 3268 pro·

136 3306 228 3354 aper-am
248 3291 393 3340 adimamre
417 3293 531 3341 lonuuam
555 3291 627 3354 qualis
656 3291 688 3338 sia
707 3298 747 3339 aut
770 3291 961 3354 quemadmodum
986 3293 1079 3354 vixeris,
1106 3295 1160 3344 nibil

132 3381 250 3430 intend!
268 3395 288 3428 c.
304 3377 347 3440 39,
361 3379 394 3430 92
414 3393 465 3444 sq:
483 3382 580 3445 „ltaque
598 3387 636 3428 aut
654 3379 726 3428 nescir
743 3377 831 3446 (diviua
849 3377 1013 3447 prouidentia),
1032 3382 1086 3444 quid
1104 3397 1161 3446 pce·

134 3473 174 3530 fu,
193 3479 232 3518 aut
251 3471 340 3532 negligit
357 3485 394 3520 res
413 3470 538 3528 humanae,
558 3475 604 3528 aut,
624 3469 678 3532 quid
699 3468 728 3516 sit
746 3468 871 3531 optimum,
897 3481 943 3518 uon
962 3476 1037 3532 potest
1052 3471 1161 3534 judicare.

135 3563 188 3612 noo
206 3559 386 3622 mirangulos
405 3560 516 3610 homiues.
553 3559 603 3608 lton
623 3558 714 3608 mirum.
752 3558 785 3607 lle
802 3557 901 3606 civitatee
916 3557 1014 3622 quidem.
1033 3561 1084 3610 Nou
1100 3557 1161 3610 eas?

135 3667 166 3700 ne
185 3649 287 3699 nationes
300 3649 391 3714 quidem
410 3657 433 3699 et
451 3656 538 3712 gentes.
575 3648 640 3706 Quod
659 3649 679 3696 ai
697 3647 739 3696 bas
758 3647 825 3696 etiam
843 3649 980 3710 contemnit,
1007 3649 1060 3712 quid
1079 3651 1161 3701 mirum

136 3747 175 3788 eat
193 3751 261 3788 omna
279 3739 307 3788 ab
326 3754 353 3788 ea
370 3753 443 3800 genus
462 3739 585 3788 humanum
604 3752 657 3786 ease
675 3739 840 3796 contemtum“,
858 3745 879 3786 el
897 3737 978 3786 similia
988 3745 1075 3788 tanturn
1087 3740 1159 3800 abeat,

135 3837 163 3876 ιιι
181 3827 260 3876 liceto
277 3843 304 3878 ea
322 3843 349 3876 er
368 3843 410 3876 sua
427 3842 526 3890 persona
545 3833 568 3876 et
585 3825 698 3876 renuntia
718 3825 865 3888 pronunciata
895 3841 947 3876 asae
976 3827 1032 3875 velle
1051 3827 1161 3889 videatur,

136 3925 164 3966 nt
182 3917 264 3966 talibus
281 3917 400 3968 senoemiia
418 3917 546 3966 constitutis
564 3923 587 3966 et
606 3915 701 3965 firmatis
725 3914 920 3978 perturbationem
939 3916 995 3966 ritae
1014 3924 1037 3965 et
1056 3931 1159 3978 maguam

132 4005 292 4056 commu
310 4008 383 4071 sequi,
402 4007 456 4070 quin
475 4007 543 4056 etiam
563 4005 631 4054 tidem
652 4011 675 4054 et
692 4004 823 4052 societatem
841 4004 932 4064 generis
946 4005 1037 4054 bomani
1050 4013 1073 4054 et
1090 4021 1158 4056 unam

136 4093 348 4146 maeoniam
366 4096 480 4156 usuum,
496 4091 606 4158 justitiam
624 4092 672 4142 tolli
690 4105 787 4142 uecoese
805 4105 858 4142 esse
873 4092 967 4156 judicet.
984 4093 1013 4143 ol.
1032 4093 1064 4143 ib.
1082 4094 1091 4142 l
1109 4093 1159 4144 at

134 4181 486 4248 §dett—Gladium
508 4180 957 4234 Ciadelliaimlabatiolra.
