2870 5076
513 347 733 466 Zae-

70 593 140 658 ηοω
158 571 333 640 seeundum
354 579 504 638 naturam
528 580 578 638 est
599 579 818 661 consequatur
832 571 983 659 voluptas
999 591 1103 660 eoque
1117 579 1209 638 tanto

69 681 163 764 maior,
189 691 308 770 quanto
340 683 554 770 praestantior
581 682 637 748 illa
668 691 718 748 est
730 683 769 768 ¹),
800 683 1051 771 speculationem
1080 701 1210 769 quoque

67 795 141 877 (nani
166 795 244 862 haee
275 803 324 860 est
355 793 439 858 ectio
469 794 570 881 partis
598 793 667 860 eius
691 815 775 882 quae
798 793 961 881 cogitandi
985 813 1118 860 munere
1141 792 1210 856 fun·

65 903 150 990 gitur)
170 925 301 972 neeesse
323 913 374 968 est
396 912 550 992 sequatur
573 903 722 992 voluptas
745 925 849 992 eaque
868 927 1003 972 summa.
1036 905 1210 970 Praeterea

65 1013 166 1081 montis
191 1017 275 1082 aotio
303 1014 445 1082 omniurn
474 1014 616 1080 maxime
645 1013 798 1080 oontinua
820 1024 869 1080 est
892 1025 925 1081 ot
947 1015 1086 1081 maxime
1109 1012 1209 1078 utitur

63 1125 279 1210 suffimentis⁸t
326 1125 590 1205 Quamobrem
623 1123 744 1193 homini
775 1124 836 1190 huo
864 1125 991 1192 ratione
1013 1126 1158 1192 instituto
1183 1123 1209 1189 si

63 1235 255 1323 suppeditant
282 1255 366 1326 quae
393 1233 579 1301 necessaria
601 1243 675 1300 sunt
697 1233 738 1299 ad
761 1233 860 1300 vitam
884 1256 942 1300 suo
965 1235 1062 1302 modo
1087 1243 1210 1302 susten-

64 1345 187 1430 undam,
208 1356 306 1437 atque
322 1346 441 1414 abeunt
455 1367 575 1433 magna
590 1345 676 1412 mala
691 1345 875 1432 cladesque,
898 1347 1067 1412 summani
1085 1345 1210 1412 exsistit

64 1454 183 1522 solicitas
206 1467 239 1524 at
260 1457 328 1524 vita
351 1461 489 1544 optima,
520 1478 603 1544 quae
627 1456 844 1543 praestantior
866 1465 915 1520 est
937 1477 1032 1542 quam
1056 1458 1208 1538 humana,

63 1556 164 1650 ἡτατ’
193 1560 389 1658 ῦνθρωπον.
433 1569 508 1634 Non
533 1567 617 1633 enim
642 1576 801 1655 quatenus
832 1567 927 1632 homo
956 1576 1013 1646 est,
1042 1567 1087 1631 ita
1117 1565 1207 1648 vivit,

62 1673 106 1740 et
126 1699 187 1766 qua
208 1679 351 1746 divinum
375 1679 527 1769 quiddam
553 1677 583 1741 ei
605 1677 700 1743 inest.
746 1677 879 1744 Minime
902 1699 979 1745 vero
1003 1684 1131 1763 oportet
1152 1676 1208 1741 hu·

62 1805 141 1852 nona
160 1790 304 1876 cogitare
327 1813 401 1856 eum
431 1791 487 1878 qui
513 1790 609 1854 homo
631 1798 726 1854 natus
749 1798 814 1870 est,
844 1810 952 1876 neque
982 1788 1129 1852 mortalia
1152 1786 1207 1874 qui

62 1907 100 1961 est
119 1899 274 1983 mortalis,
308 1901 386 1990 quin
408 1901 515 1989 potius
537 1921 665 1966 summa
687 1921 749 1987 ope
772 1899 940 1965 nitendum
963 1907 1027 1980 est,
1051 1906 1086 1962 ut
1109 1919 1208 1984 quan·

62 2015 116 2072 λιιοι
134 2009 209 2076 lieet
223 2011 427 2078 mortalitatis
444 2011 619 2077 conditioni
640 2031 699 2076 nos
721 2011 912 2092 eximamus,
936 2008 1110 2096 omniaque
1133 2017 1208 2074 sunt

64 2119 186 2205 εςεοδε,
216 2132 253 2188 ut
274 2121 420 2188 vivamus
450 2121 626 2189 seeundum
655 2128 783 2208 partem
812 2121 914 2188 nostri
945 2143 1015 2186 eam
1046 2139 1130 2202 quae
1158 2126 1208 2182 est

64 2229 164 2297 melior.

66 2359 245 2380 ““““““--ι

98 2445 103 2460 ’
122 2439 140 2506 ¹)
155 2442 184 2494 L.
203 2445 221 2496 1.
239 2443 275 2508 X,
293 2449 317 2496 λ
339 2442 435 2496 nuth
452 2447 495 2494 ts:
521 2437 588 2493 καθ’
610 2438 728 2494 ἕκαστον
750 2438 783 2494 δὲ
805 2442 929 2506 βελτίστη
955 2439 1029 2495 ἐστὶν
1048 2437 1064 2506 ἡ
1083 2439 1207 2508 ἐνέργεια

63 2525 98 2574 τοῦ
119 2521 213 2600 ἄριστα
236 2530 414 2603 διακειμένου
437 2528 507 2602 πρὸς
530 2525 559 2582 τὸ
584 2523 731 2598 κράτιστον
754 2529 808 2582 τῶν
833 2525 884 2598 ὑφ’
910 2523 1004 2594 αῦτὴν.
1031 2523 1098 2593 αῦτη
1123 2523 1151 2578 δ’
1172 2519 1207 2580 ἂν

61 2613 190 2688 ηιλιιοιιὶτη
209 2622 249 2684 εἴη
269 2621 316 2671 καὶ
335 2615 440 2686 ἡδίστη·
461 2615 530 2670 κατὰ
551 2617 647 2669 πᾶσαν
665 2612 720 2686 γὰρ
740 2619 872 2681 αἴσθησίν
895 2615 970 2670 ἔστιν
987 2611 1083 2682 ἡδονὴ,
1106 2609 1209 2685 ὁμοίως

61 2697 84 2751 δὲ
98 2705 139 2755 ταί
155 2701 282 2760 διάνοιαν
300 2709 348 2758 καὶ
366 2710 497 2777 θεωρίαν,
522 2701 617 2772 ἡδίστη
641 2701 669 2754 δ’
690 2699 705 2769 ἡ
725 2699 892 2770 τελειοτάτη,
915 2701 1068 2770 τελειοτάτη
1088 2701 1117 2755 δ’
1131 2700 1147 2768 ἡ
1160 2701 1208 2756 τοῦ

61 2781 83 2838 ei
97 2788 201 2858 ἔχοντες
223 2791 294 2862 τιρδς
317 2791 347 2847 τὸ
371 2789 596 2848 σπουδαιότατον
619 2793 675 2846 τῶν
693 2788 747 2862 ὑφ’
770 2788 863 2858 αῦτὴν.
888 2793 989 2845 τελειοῑ
1012 2790 1043 2843 oa
1066 2786 1115 2856 τὴν
1134 2790 1209 2858 ἐνέρ-

59 2877 152 2948 γειανὴ
171 2877 264 2948 ἡδονὴ.

117 2967 184 3034 ¹)12.
201 2971 220 3022 l.
239 2971 278 3033 X,
302 2976 328 3023 7.
347 2973 395 3022 ina
423 2968 460 3022 Et
485 2964 511 3020 δ’
538 2964 649 3034 tortori
674 2965 842 3038 εὐδαιμονία
866 2965 928 3020 κατ’
950 2963 1049 3035 α’ρετὴν
1075 2965 1209 3035 ἐνέργεια,

7 3101 8 3126 ρ
59 3047 157 3124 ιῦλογον
179 3055 249 3110 κατὰ
272 3053 320 3122 τὴν
346 3059 509 3126 κρατίστην·
532 3053 600 3122 αῦτη
623 3051 650 3107 δ’
672 3051 708 3109 ἃν
733 3059 772 3120 εἴη
798 3057 847 3108 τοῦ
870 3052 994 3127 ἀρίστου.
1019 3057 1071 3106 εἴτε
1090 3051 1210 3118 δὴνοῦῖ

7 3159 8 3194 ι
59 3141 123 3194 τοῦτο
141 3145 192 3198 εῖτε
211 3137 279 3196 ἄλλο
297 3162 332 3208 τι,
351 3139 415 3210 tot,
429 3141 498 3197 κατὰ
512 3139 599 3213 φῦσιν
612 3141 692 3196 δοκεῖ
702 3137 799 3212 ἄρχειν
813 3145 861 3197 καὶ
879 3140 1010 3211 ἡγεῖσθαι
1030 3143 1078 3194 sut
1096 3139 1209 3196 ἔννοιαν

7 3249 8 3272 ι
57 3225 115 3292 ἔχειν
131 3235 192 3304 τιερλ
211 3234 304 3286 καλῶν
323 3233 370 3284 καῖ
389 3236 482 3298 δείων,
505 3236 557 3284 stre
581 3236 659 3284 θεῖον
682 3226 715 3286 ὃν
735 3229 868 3286 aututini
888 3235 940 3285 stas
958 3230 1014 3284 τιῦν
1039 3229 1069 3284 ἰν
1092 3227 1159 3299 ἡμῖν
1177 3225 1207 3282 τὸ

7 3329 8 3396 J
57 3313 194 3386 λειότατον,
213 3317 229 3387 ἡ
249 3317 347 3372 τοῦτου
367 3319 490 3388 ἐνέργεια
509 3317 579 3373 κατὰ
597 3316 646 3386 τὴν
666 3321 772 3372 οῖκείαν
791 3317 892 3388 δριτὴν
911 3323 952 3384 εἴη
972 3311 1008 3370 δν
1027 3314 1043 3384 ἡ
1062 3321 1149 3370 τελεία
1165 3314 1210 3369 εδ·

57 3401 182 3474 δαιμονία.
202 3405 243 3461 δτι
263 3403 291 3460 δ’
312 3408 370 3460 ἐστὶ
390 3404 550 3479 θεωρητική,
569 3409 681 3477 είρητοι.
700 3403 935 3477 ὁμολογούμενον
955 3403 985 3457 δὲ
1005 3402 1080 3458 τοῦτ’
1105 3401 1141 3460 ἂν
1159 3401 1210 3456 δό-

57 3491 112 3546 tare
127 3493 195 3550 ιλται
215 3499 262 3548 καλ
280 3501 336 3555 τοῖς
355 3491 490 3566 πρότερον
509 3496 555 3546 καλ
573 3497 611 3562 τῷ
629 3493 735 3560 ἀληθεῖ.
760 3498 890 3562 κρατίστη
915 3512 942 3548 τε
968 3491 1023 3564 γὰρ
1048 3491 1116 3561 αὕτη
1136 3495 1211 3550 aazia

57 3575 206 3654 ἡλνίργεια·
224 3587 271 3636 καῖ
289 3582 344 3652 γὰρ
362 3580 376 3636 o‘
397 3584 462 3641 νοῦς
478 3583 533 3636 τῶν
550 3583 580 3637 ἐν
597 3580 673 3654 ἡμῖν,
697 3587 745 3637 καλ
763 3587 818 3641 τοῖν
837 3586 982 3654 γνωστῶν,
999 3587 1065 3655 περὶ
1078 3581 1095 3638 ἃ
1109 3583 1123 3638 ὀ
1137 3585 1211 3644 νοῦς·

56 3668 84 3718 tu
100 3669 129 3725 δὲ
147 3669 338 3740 συνεχεοτῦτη·
359 3674 475 3738 θεωρεῖν
494 3687 521 3724 τε
538 3669 594 3740 γὰρ
613 3667 764 3744 δυνάμεθα
784 3673 907 3742 συνεχῶς
924 3674 1036 3746 μᾶλλον
1049 3667 1065 3738 ἡ
1079 3671 1210 3742 πράττειν

54 3752 140 3824 ὁτιοῦν,
173 3756 291 3830 οἰόμεθά
319 3775 348 3812 τε
374 3758 433 3812 δεῖν
456 3754 560 3824 ἡδονὴν
585 3765 802 3834 παραμεμῖχθαι
833 3761 866 3832 τῇ
896 3761 1080 3830 εὐδαιμονίη,
1112 3757 1211 3826 ἡδίστη

55 3843 79 3898 δὲ
94 3849 143 3904 τῦν
161 3843 223 3902 κατ’
248 3845 348 3916 δρετὴν
372 3845 517 3916 ἐνεργειῶν
533 3843 550 3912 ἡ
569 3846 639 3900 κατὰ
662 3847 712 3916 τὴν
737 3853 845 3919 σοφίαν
867 3846 1104 3921 ὁμολογουμένως
1127 3847 1210 3900 ῖστίν·

54 3931 118 3988 δοκεῖ
137 3938 207 4006 γοῦν
231 3935 247 4002 ἡ
273 3937 429 4008 φιλοσοηία
459 3937 625 4006 θαυμαστὰς
654 3931 759 4002 ἡδονὰς
789 3937 864 4008 ἔχειν
892 3935 1076 4004 καθοριότητι
1102 3935 1149 3986 καί
1174 3935 1211 4003 τῷ

53 4023 138 4091 βεβαίῳ
156 4064 163 4078 .
182 4063 189 4076 .
210 4063 217 4076 .
238 4062 245 4076 .
264 4021 281 4091 ἡ
298 4041 327 4077 τε
350 4023 484 4094 λεγομένη
509 4021 658 4092 αὐτάρκεια
683 4027 748 4096 περὶ
771 4023 820 4092 τὴυ
843 4023 1017 4096 θεωρητικὴν
1040 4020 1155 4094 μάλιστ’
1176 4019 1212 4078 ἂν

54 4109 94 4172 tio·
109 4111 161 4165 τῦν
179 4111 233 4183 μὲν
256 4109 311 4181 γὰρ
336 4108 405 4178 πρὸς
428 4111 458 4166 τό
484 4113 530 4178 ζὴν
554 4111 719 4180 δνιιγιιιιίων
738 4115 786 4164 καί
812 4111 904 4182 σοφὸς
923 4113 971 4166 καλ
991 4111 1100 4170 δίκαιος
1118 4111 1167 4166 καὶ
1187 4111 1214 4162 ot

55 4195 132 4250 λοιποί
154 4199 281 4263 δέονται,
306 4203 363 4256 τοῖς
389 4199 420 4252 ot
444 4197 577 4260 τοιούτοις
602 4202 703 4259 λκανιῦς
728 4203 964 4273 κεχορηγημίνων
988 4197 1002 4252 ὁ
1027 4198 1081 4272 μὲν
1105 4198 1216 4256 δίκαιος

55 4279 126 4336 δεῖται
144 4285 213 4356 τιρός
235 4283 283 4346 οῦς
305 4283 537 4356 δικαιοπραγὴσει
560 4290 607 4340 καλ
630 4283 698 4358 μεθ’
721 4276 769 4356 ὧν,
795 4289 901 4364 ὁμοίως
928 4287 959 4342 ot
988 4292 1036 4342 καλ
1055 4282 1070 4338 ὁ
1091 4284 1217 4356 σώφρων

56 4371 91 4420 κτλ
107 4369 120 4424 ὀ
138 4367 266 4442 ἀνδρεῖος
288 4377 334 4427 καλ
358 4375 412 4428 τῶν
435 4370 527 4429 ἄλλων
550 4375 678 4440 ἕκαστος,
704 4373 718 4428 ὁ
739 4376 770 4428 oe
792 4375 884 4448 συηῦς
910 4377 958 4432 καλ
979 4371 1048 4430 καθ’
1070 4371 1156 4428 αὑτὸν
1176 4367 1217 4428 ὢν

37 4453 154 4514 ’δύναται
173 4467 297 4532 θεωρεῖν,
317 4465 363 4516 κιιλ
383 4459 440 4532 δοητ
458 4457 493 4517 ἄν
513 4461 672 4536 σοφώτερος
690 4459 715 4536 η’,
733 4467 856 4536 μᾶλλον.
