2870 5076
668 417 879 482 ..52-

198 608 254 674 per
282 586 334 652 via
364 609 401 652 ac
429 585 554 653 ratione
580 587 676 654 homo
705 587 858 676 physicus
890 587 922 654 in
950 611 1002 654 res
1029 599 1165 658 naturae
1194 590 1348 679 inquirere

199 697 296 762 debet
307 696 339 780 ¹).

283 807 433 872 Eundem
457 829 553 894 quem
577 807 769 874 Aristoteles
797 809 904 876 locum
931 810 995 876 iam
1006 811 1112 877 ‘Pluto
1135 813 1289 877 materiae
1310 822 1349 878 at·

199 939 261 1004 que
285 916 405 982 viribus
436 939 518 1004 quae
549 916 579 980 in
613 939 651 982 ea
677 917 787 983 insunt
808 919 976 985 tribuerat.
1020 921 1104 988 Num
1128 921 1204 986 hnic
1227 944 1349 1010 quoqne

198 1027 387 1114 philosopho
417 1027 550 1090 materie
579 1027 711 1114 eiusque
736 1029 819 1128 vires
850 1051 914 1094 non
936 1041 1011 1098 sunt
1034 1053 1150 1099 causae
1173 1031 1348 1118 primariae,

199 1131 305 1202 αἰτίαι
321 1139 465 1224 πρῶται,
490 1132 593 1216 αἴτια,
618 1139 673 1202 aed
690 1161 806 1202 causae
823 1135 1045 1224 secundariae,
1067 1137 1177 1208 αἰτίαν
1192 1141 1349 1231 δευτέρον,

199 1243 364 1326 ξιιναίτια,
396 1244 659 1333 topandium).
705 1247 760 1314 Sic
789 1247 828 1314 de
857 1250 1000 1316 Platonis
1032 1251 1161 1338 quidem
1196 1253 1350 1320 sententia

175 1357 276 1425 *deus
299 1357 403 1422 visum
426 1358 519 1423 nohis
542 1359 676 1446 largitus
701 1369 749 1423 est
772 1382 810 1424 eo
834 1360 973 1425 maxime
997 1361 1145 1455 consilio,
1170 1373 1205 1428 nt
1228 1362 1352 1448 cognita

197 1490 303 1534 rerum
332 1467 541 1534 universitate
570 1479 667 1556 utque
697 1469 795 1534 variis
824 1465 1051 1556 tempestatum
1083 1471 1350 1538 vicissitudinibus

96 1599 97 1608 ¹
197 1577 377 1644 observatis
400 1579 439 1642 ad
464 1577 700 1664 philosophiam
721 1579 965 1666 perveniremus
998 1591 1094 1668 atque
1118 1591 1255 1648 naturae
1277 1581 1352 1648 ordi·

197 1711 269 1752 nem
291 1697 402 1754 nostra
429 1687 572 1774 ipsorum
594 1687 659 1752 vita
690 1688 891 1754 imitaremur
913 1699 946 1756 et
967 1691 1067 1756 veluti
1090 1691 1352 1778 exprimeremus.

197 1799 307 1885 Atque
335 1797 420 1864 idem
447 1797 653 1864 iudicandum
682 1808 731 1864 est
754 1798 794 1864 de
816 1799 927 1886 lingua
950 1810 982 1866 et
1004 1801 1129 1884 auditu,
1158 1801 1351 1890 quandoqui-

196 1907 267 1974 dem
291 1919 323 1972 et
349 1909 479 1995 linguae
508 1931 584 1972 usus
611 1919 644 1974 et
668 1908 859 1976 harmoniae
884 1932 1035 1976 sonorum
1064 1912 1233 2000 perceptio
1262 1911 1351 2000 pluri·

197 2044 283 2085 mum
311 2021 420 2084 valent
448 2019 489 2084 ad
521 2019 680 2084 sedandas
707 2029 741 2084 et
769 2019 1021 2106 compescendas
1056 2021 1151 2090 animi
1189 2022 1351 2109 perturba

195 2133 310 2215 tiones,
334 2153 416 2217 quae
439 2129 688 2215 pulcherrimum
712 2127 801 2194 illum
825 2127 951 2194 virtutis
974 2131 1205 2198 ethonestatis
1222 2154 1352 2200 concon

195 2254 264 2310 tum
290 2240 422 2306 turbare
451 2238 564 2302 solent.
609 2237 679 2302 Hae
714 2237 885 2323 primariae
922 2249 1013 2306 erant
1048 2239 1174 2306 illorum
1203 2265 1351 2308 sensuum

197 2375 323 2418 causae.
358 2349 406 2416 Ut
422 2358 527 2413 autem
545 2347 577 2411 id
594 2347 679 2434 quod
696 2347 774 2414 dous
791 2348 892 2413 voluit
909 2371 1162 2437 assequeremur,
1185 2353 1352 2420 accederet

197 2484 329 2530 neeesse
353 2469 422 2524 erat
445 2467 580 2522 externa
603 2480 753 2522 sensuum
777 2441 943 2524 institutio.
978 2460 1150 2526 Praeclare
1170 2461 1273 2548 igitur
1293 2463 1350 2528 iam

196 2573 290 2636 Plato
314 2591 396 2657 quae
420 2567 501 2632 ratio
524 2567 607 2632 inter
630 2567 759 2634 finalem
789 2580 820 2635 et
848 2569 1043 2635 materialem
1069 2593 1199 2636 causam
1223 2573 1350 2637 interce

198 2683 289 2746 deret
311 2676 489 2760 constituit,
520 2690 616 2766 atque
644 2703 781 2766 magnus
804 2679 1024 2768 philosophiae
1046 2704 1238 2767 progressus
1261 2703 1352 2770 agno-

196 2792 333 2858 scendus
357 2799 419 2872 est,
444 2788 586 2854 Platonis
610 2799 642 2854 et
664 2789 845 2854 Aristotelis
874 2789 1051 2858 doctrinam
1078 2791 1104 2856 si
1129 2780 1353 2879 comparamus

196 2959 392 2971 ---.------

270 3065 287 3127 ¹)
307 3063 347 3112 De
365 3067 430 3128 part.
450 3075 492 3110 an.
510 3059 532 3122 Ι,
554 3061 578 3109 1.
598 3060 648 3110 642
662 3073 678 3107 a
692 3059 740 3108 31:
765 3054 887 3110 δεικτέον
907 3054 935 3108 δ’
956 3052 1054 3124 οὕτως,
1078 3049 1139 3110 οἷον
1161 3053 1203 3110 ὅτι
1223 3058 1283 3112 ἔστι
1298 3056 1348 3130 μὲν

195 3148 211 3218 ἡ
235 3146 363 3214 ἀναπνοὴ
386 3145 465 3201 τουδὶ
485 3141 580 3213 χάριν,
603 3143 684 3195 τοῦτο
713 3141 744 3194 δὲ
771 3145 896 3212 γίγνεται
923 3143 970 3197 διά
992 3142 1058 3198 τάδε
1081 3144 1110 3204 έξ
1133 3141 1265 3214 ἀνάγκης.
1288 3140 1355 3212 ἡδ’·

195 3235 302 3307 ἀνάγκη
321 3233 365 3288 ὁτὲ
383 3234 436 3305 μὲν
455 3235 582 3302 σημαίνει
601 3227 641 3284 δτι
661 3233 686 3282 εἰ
704 3229 792 3284 έκεῖνο
816 3231 892 3285 ἔσται
917 3231 947 3286 τύ
968 3220 1115 3297 οὗὲνεκα,
1140 3230 1348 3303 ταῦταάνάγκη

196 3326 270 3378 ἐστὶν
289 3325 371 3391 ἔχειν,
389 3319 434 3374 ὁτὲ
453 3317 480 3374 δ’
503 3316 542 3373 ὅτι
562 3319 636 3370 ἔστιν
655 3313 740 3375 ούτοις
763 3317 862 3386 ἔχοντα
881 3321 927 3372 καί
946 3315 1099 3390 πεφυκότα.
1122 3317 1152 3372 sd
1173 3319 1281 3392 θερμὸν
1298 3319 1349 3390 γάρ

195 3410 350 3481 ἀναγκαῖον
374 3410 474 3469 ἐξιέναι
501 3410 548 3460 καί
572 3403 655 3458 πάλιν
679 3408 793 3458 εἰσιέναι
817 3402 992 3476 άντικροῦον,
1020 3404 1068 3460 τδν
1096 3403 1123 3457 δ’
1150 3405 1218 3475 ἀέρα
1241 3411 1348 3480 εἰσρεῖν.

194 3501 274 3554 τοῦτο
300 3494 326 3549 δ’
347 3493 399 3564 ἤδη
423 3490 579 3566 ἀναγκαῖόν
602 3493 683 3546 ἔστιν.
708 3494 756 3545 τοῦ
785 3492 861 3552 dordr
888 3493 919 3546 δὲ
946 3495 1056 3565 θερμοῦ
1084 3490 1298 3556 ἀντικόπτοντος
1319 3495 1347 3548 έν

195 3589 227 3660 τῇ
246 3584 324 3656 ψύξει
343 3588 391 3637 τοῦ
410 3581 535 3652 θύραθεν
554 3578 634 3650 ἀέρος
652 3578 668 3646 l
687 3581 795 3639 εἴσοδος
813 3584 860 3634 καί
877 3577 893 3648 ἡ
913 3580 1016 3641 ἔξοδος.

270 3675 288 3741 ¹)
308 3674 440 3728 Phaedon.
460 3674 546 3724 993³
565 3665 595 3722 τὸ
615 3665 668 3738 γὰρ
686 3666 725 3735 μὴ
744 3667 888 3722 διελέσθαι
907 3661 968 3722 οἷόν
981 3664 1007 3722 τ’
1023 3667 1102 3734 εἰναι,
1122 3665 1162 3725 δτι
1175 3663 1243 3724 duro
1255 3675 1308 3744 μέν
1325 3674 1351 3725 τί

195 3759 299 3816 ἔστιτὸ
320 3763 408 3815 αἴτιον
426 3762 462 3828 τῷ
482 3754 554 3820 ὄντι,
578 3751 645 3808 cillo
670 3754 700 3807 d‘
720 3755 822 3822 έκεῖνο,
845 3749 911 3810 ἀνευ
936 3742 969 3808 οὗ
987 3751 1015 3808 τύ
1040 3759 1129 3811 αἴτιον
1151 3754 1203 3812 oria
1221 3755 1263 3814 ἀν
1285 3759 1344 3814 ποτ’

194 3853 234 3916 εἴη
258 3854 355 3904 οἰτιον.
391 3851 458 3904 Tim.
479 3849 565 3901 46οα
593 3842 670 3899 ταῦτ’
697 3837 747 3898 otiu
770 3839 853 3896 πάντ’
877 3841 934 3896 ἔστι
960 3843 1015 3896 τῶν
1036 3844 1196 3912 ξυναιτίοιν,
1224 3842 1265 3908 οἷς
1288 3847 1349 3908 θεὸς

195 3936 361 4007 ὑπηρετοῦσι
376 3937 475 4006 χρῆται
494 3935 543 4004 τὴν
560 3935 609 3987 τοῦ
628 3931 741 4000 ἀρίστου
760 3927 830 3985 κατά
850 3927 879 3982 sd
900 3928 1020 3984 δυνατὸν
1033 3930 1112 3986 ἰδέαν
1131 3929 1283 3993 ἀποτελῶν·
1301 3939 1349 3990 δο-
1426 3975 1427 3978 ,

194 4024 298 4088 ξάζεται
325 4025 356 4078 δὲ
378 4021 432 4078 tut
458 4026 511 4078 miv
534 4025 669 4076 πλείστων
695 4018 726 4072 ού
748 4021 872 4080 ξυναίτια
899 4013 962 4071 ἀλλ’
983 4021 1056 4072 alren
1076 4019 1219 4078 εἶναιτῶν
1237 4023 1347 4080 πάντων
1426 4033 1427 4058 ¹

194 4113 321 4184 ψύχοντα
344 4115 390 4168 καί
413 4117 614 4184 θερμαίνοντα,
636 4105 779 4180 πηγνύντα
803 4125 829 4160 τε
856 4109 902 4158 καί
926 4105 1073 4175 διαχέοντα
1094 4111 1141 4162 καὶ
1165 4106 1219 4164 dua
1237 4114 1346 4167 τοιαῦτα
1426 4151 1427 4168 r

193 4199 420 4274 danamarchorum,
444 4197 527 4269 λόγον
552 4199 583 4254 δὲ
606 4197 707 4252 οὐδένα
733 4195 799 4250 ου’δί
824 4195 892 4250 νοῦν
911 4196 948 4252 εἰς
967 4193 1051 4250 οὐδὲν
1069 4195 1174 4252 δυνατά
1193 4200 1266 4268 ἔχειν
1284 4202 1346 4258 έστί.

193 4293 261 4356 (Hae
274 4291 343 4342 enim
357 4291 559 4358 interpungendi
577 4290 679 4341 ratione
697 4288 757 4338 inde
776 4304 792 4338 a
810 4284 900 4336 verbis
917 4280 1059 4347 δοξάζεται
1078 4283 1110 4337 δὲ
1127 4281 1184 4338 siud
1204 4291 1260 4344 τῶν
1277 4292 1348 4344 ηιμ.
1426 4335 1427 4340 ,

192 4368 264 4431 δτοιν
284 4378 410 4430 utendum
433 4385 485 4442 est,
511 4397 569 4432 cum
592 4379 673 4430 huius
694 4378 828 4429 enunciati
851 4393 903 4430 non
928 4372 1026 4440 ταῦτα,
1055 4375 1102 4426 sed
1124 4382 1269 4449 participia
1290 4382 1341 4432 sint

192 4465 357 4530 subiectum).
629 4464 632 4478 '
