2934 5076
175 1646 311 1749 Causa
335 1667 458 1744 finalis
492 1693 677 1743 summum
713 1678 769 1740 est
801 1662 1059 1764 philosophiae
1085 1662 1228 1739 Aristo-

89 1785 189 1861 teleae
213 1786 446 1888 principium.
500 1789 622 1887 Atque
653 1787 692 1861 in
724 1783 896 1860 omnibus
930 1783 1118 1858 doctrinae
1143 1810 1226 1883 par-

88 1903 192 2004 tibus,
228 1920 270 1982 ut
309 1906 413 1982 decet
443 1907 634 2008 egregium
668 1905 775 1980 illum
808 1903 1089 2008 philosophum,
1128 1901 1227 1976 hanc

87 2049 222 2100 cansam
255 2025 361 2128 quasi
393 2051 547 2126 regnare
580 2039 616 2101 et
647 2026 771 2100 omnia
803 2052 849 2100 cx
880 2051 924 2099 ea
957 2035 1045 2124 apta
1075 2047 1157 2096 esse
1183 2049 1227 2098 ac

87 2169 268 2244 suspensa,
300 2147 332 2222 si
357 2172 435 2222 rem
468 2145 596 2246 paullo
628 2146 835 2222 accuratius
861 2142 1085 2243 inspexeris,
1116 2141 1228 2218 facilc

87 2263 273 2365 intelleges.
325 2263 375 2339 Et
406 2277 530 2340 tamen
563 2265 628 2339 ubi
659 2267 821 2340 maxime
853 2263 1032 2364 expositio
1064 2262 1144 2338 cius
1171 2288 1227 2337 re-

86 2383 230 2481 quiritur
258 2384 372 2485 plena
403 2411 447 2460 ac
477 2385 656 2485 perfecta,
694 2383 777 2460 dico
813 2385 852 2458 in
891 2382 1228 2484 metaphysicorum

87 2501 188 2598 libris,
212 2530 332 2605 pauca
357 2503 404 2579 de
430 2529 474 2579 ea
498 2503 745 2604 proferuntur.
783 2503 978 2604 Reperitur
1004 2503 1155 2605 quidem
1182 2501 1228 2577 de

86 2623 147 2696 fine
176 2622 373 2724 disputatio
410 2625 449 2698 in
487 2623 726 2726 physicorum
766 2622 927 2698 secundo
966 2635 1077 2723 atque
1116 2622 1227 2698 etiam

85 2741 253 2842 copiosior
277 2742 317 2816 in
344 2744 463 2843 primo
495 2742 542 2818 de
572 2742 739 2843 partibus
772 2741 990 2816 animalium
1015 2743 1131 2839 libro;
1162 2741 1227 2818 sed

85 2875 202 2937 neutra
227 2875 283 2938 est
307 2861 499 2957 eiusmodi,
525 2874 566 2936 ut
591 2861 686 2937 nihil
706 2860 804 2935 ultra
827 2858 1022 2954 desideres,
1048 2886 1169 2962 neque
1195 2865 1228 2939 si

84 3007 170 3080 quae
186 2983 267 3058 loco
288 2993 444 3082 utroque
466 2981 644 3056 docentur
663 2981 910 3074 coniunxeris‚
927 2979 994 3054 toti
1012 2980 1101 3056 huic
1114 3009 1226 3084 quae-

84 3099 184 3176 stioni
215 3101 444 3177 satisfactum
477 3115 542 3176 est
596 3099 746 3176 Praeter
776 3099 860 3175 illos
886 3111 1010 3174 autem
1045 3099 1159 3177 libros
1186 3103 1226 3178 in

83 3219 215 3320 scriptis
241 3220 470 3296 Aristoteleis
502 3222 642 3321 passim
669 3218 818 3294 obviam
851 3220 945 3294 fiunt
976 3218 1048 3294 loci
1080 3221 1145 3321 qui
1177 3223 1226 3297 ad

82 3361 222 3414 caluam
255 3340 359 3416 illam
393 3353 561 3439 spectant
590 3353 701 3441 atque
723 3351 894 3413 naturam
921 3339 999 3414 eius
1026 3337 1153 3441 aliqua
1178 3367 1225 3415 ex

83 3473 177 3554 parte
206 3459 387 3560 aperiunt
439 3459 570 3560 Itaque
612 3484 744 3559 operae
783 3458 943 3559 pretium
980 3457 1114 3533 facturi
1145 3486 1226 3536 csse

85 3575 181 3654 nobis
213 3577 441 3673 videbamur,
474 3579 506 3653 si
537 3594 638 3680 quae*
667 3579 833 3680 dispersa
859 3589 896 3652 et
921 3577 1099 3678 dissipata
1125 3580 1225 3680 apud

84 3693 306 3774 Aristotelem
337 3697 522 3798 leguntur,
553 3723 856 3798 componeremus
890 3709 926 3772 et
951 3697 1047 3772 inter
1072 3722 1112 3773 se
1137 3725 1224 3774 con·

85 3813 281 3892 effluamus
315 3818 382 3912 ita,
422 3830 463 3892 ut
494 3817 619 3894 omnia
652 3843 698 3893 ex
730 3816 860 3892 eodem
899 3815 1000 3892 fonte
1031 3842 1224 3893 emanasse

85 3949 275 4032 appareret
325 3935 409 4010 Tali
441 3937 540 4011 enim
579 3938 688 4012 modo
722 3935 959 4011 Aristotelem
991 3959 1103 4035 quae,
1143 3935 1224 4012 ubi-

86 4075 218 4154 cunque
244 4056 301 4152 sit,
325 4056 371 4132 de
390 4081 503 4132 causa
517 4056 622 4130 finali
640 4055 833 4157 protulerit
852 4067 974 4130 mente
992 4053 1108 4130 fuisso
1126 4081 1225 4130 com-

86 4169 237 4270 plexum,
261 4189 410 4277 propter
435 4201 622 4251 summum
649 4175 727 4250 eius
753 4175 945 4275 ingenium
972 4173 1118 4249 credere
1137 4201 1224 4251 con·

89 4291 189 4368 venit
239 4295 289 4371 At
315 4295 407 4370 haec
433 4295 599 4396 quaestio
625 4307 678 4370 tot
704 4294 889 4394 tantisque
921 4306 958 4368 et
990 4281 1225 4396 philologieis

89 4423 121 4482 et
147 4411 370 4516 philosophis
402 4413 589 4490 obstructa
621 4428 675 4489 est
708 4412 1005 4507 difficultatibus,
1041 4427 1081 4488 ut
1116 4441 1225 4514 expc-
