2870 5076
534 409 739 478 ‚25-

3 617 5 636 ‹
80 607 190 652 causum
213 583 342 650 finalem
364 583 531 672 requirere
553 583 732 650 materiam.
770 583 862 650 Haec
884 593 991 650 autem
1014 604 1072 670 per
1094 603 1128 646 ss
1150 579 1218 648 uni-

4 703 5 788 t
79 707 133 762 tute
157 718 283 785 prorsus
312 703 418 779 caret3
452 694 561 781 itaque
597 717 694 760 causa
727 694 831 760 finalis
864 704 900 759 ut
927 717 990 759 una
1017 692 1057 758 sit
1084 691 1219 758 materia

4 793 5 848 Ῐ
79 805 177 890 efficit3
200 805 364 872 constituit
386 805 470 870 enim
485 805 630 887 formam,
654 826 720 891 qua
735 803 917 870 continetur
934 803 1086 868 substrati
1101 803 1216 868 unitas.

79 913 109 978 ld
129 915 209 1002 quod
233 915 353 1004 optime
376 914 599 1002 cognoscimus
623 936 640 978 e
663 913 743 978 Met.
769 915 809 998 Z,
836 915 885 996 17,
915 913 970 978 ubi
999 913 1055 998 „Si
1078 912 1126 978 rei
1149 934 1218 978 cau·
1267 933 1270 949 ·

77 1025 163 1106 sam,“
186 1025 240 1107 ait,
264 1025 479 1114 „quaerimus
503 1023 686 1112 quaerimus
702 1047 759 1090 our
775 1025 834 1089 hoc
850 1024 1011 1088 substrato
1034 1024 1114 1088 haec
1130 1033 1218 1089 certa

77 1132 141 1199 imit
160 1137 307 1222 qualitas,
329 1135 398 1200 sive
421 1158 479 1201 cur
501 1134 574 1199 huic
597 1132 759 1198 substrato
775 1133 836 1200 hoc
854 1132 1058 1199 tribuendum
1075 1135 1115 1198 sit
1130 1155 1218 1222 pras-

75 1243 212 1312 dicetum.
256 1245 313 1314 Sic
328 1247 353 1310 si
371 1245 443 1334 quis
465 1244 602 1332 quaerit,
626 1247 683 1308 our
705 1245 794 1325 haec,
815 1239 903 1324 ταδί,
927 1243 1026 1308 veluti
1048 1244 1164 1310 lateres
1187 1253 1219 1309 et

76 1351 160 1438 liguo,
182 1356 246 1422 siut
268 1355 390 1440 domus,
413 1356 491 1423 nihil
512 1355 598 1422 aliud
614 1354 740 1442 quaerit
756 1352 828 1436 nisi,
853 1354 927 1420 huic
948 1354 1112 1436 materiae,
1136 1376 1219 1441 quae

78 1485 127 1550 per
138 1487 170 1531 se
184 1467 305 1532 unitate
328 1476 417 1533 earet
432 1463 533 1554 (ταδί,
557 1466 682 1532 enimus
702 1464 919 1530 advertendus
936 1462 1040 1529 estad
1064 1465 1219 1552 pluralem

79 1576 254 1663 numerum),
281 1601 339 1644 cur
363 1579 421 1644 hoc
445 1588 568 1643 certum
591 1575 813 1666 praedicatum
835 1573 1004 1640 tribuatur.
1052 1575 1130 1640 1041
1148 1575 1169 1640 b
1185 1577 1219 1640 4:

81 1679 144 1752 tici
163 1685 200 1754 ut
221 1687 275 1756 (lei
295 1685 380 1772 ἔχειν
401 1712 438 1756 τε
460 1687 516 1756 καὶ
537 1682 701 1776 ὑπάρχειν
722 1683 762 1752 τὸ
785 1676 882 1764 εἶναι,
906 1684 1008 1773 δῆλον
1030 1684 1072 1774 δὴ
1089 1680 1143 1752 ὅτι
1160 1681 1220 1773 τὴν

80 1789 146 1882 ὕλην
167 1797 255 1883 ζητεῖ
273 1797 351 1868 ταδὶ
372 1798 430 1867 διὰ
452 1797 486 1868 τί
507 1798 642 1885 istest).

150 1909 287 1977 Causam
309 1913 407 1998 igitur
430 1911 571 2000 quaerit,
603 1933 685 1998 quae
714 1919 751 1976 ut
780 1905 915 1974 muteris
937 1915 1060 1971 certum
1083 1929 1122 1971 ue
1145 1909 1220 1974 defi-

81 2016 165 2084 nitum
194 2021 271 2109 quid
299 2021 343 2086 sit
369 2022 495 2088 efficiat.
539 2021 634 2088 Haeo,
662 2030 769 2088 autem
798 2029 846 2084 est
874 2014 914 2084 τὸ
941 2013 976 2084 τί
996 2007 1036 2104 ἦν
1060 2008 1164 2098 εἶναι,
1194 2020 1219 2084 si

80 2127 211 2196 universe
239 2135 403 2198 notionem
435 2143 633 2222 spectamus,
663 2155 683 2196 a
698 2133 755 2198 28:
784 2129 883 2200 sorim
909 2124 942 2196 δ’
960 2126 1031 2198 ἐστὶ
1057 2126 1096 2194 τὸ
1125 2125 1161 2196 τί
1180 2123 1221 2219 ἦν

81 2228 170 2322 siros,
192 2235 238 2323 ὥς
260 2237 367 2310 εἰπεῖν
388 2241 575 2331 λογικῶς’),
621 2243 730 2308 Veluti
757 2243 857 2308 haece
886 2249 962 2306 sunt
991 2239 1122 2321 domus,
1146 2243 1222 2329 quia

79 2350 247 2438 suppeditet
266 2355 300 2419 id
323 2354 408 2444 quud
432 2365 502 2420 erat
523 2356 610 2420 notio
632 2353 755 2436 domus,
778 2353 852 2419 bo:
875 2341 949 2420 οἷον
964 2345 1054 2418 οἰκία
1068 2349 1147 2419 ταδὶ
1162 2351 1221 2420 διὰ

79 2455 106 2524 ri
111 2489 120 2542 ,·
140 2457 190 2530 ὅτι
203 2458 348 2554 ὑπάρχοι
362 2461 457 2538 τοδί,
481 2461 501 2532 ὅ
517 2457 557 2553 ἦν
572 2459 662 2554 οἰκίᾳ
676 2455 812 2547 εἶναι’).
858 2467 968 2550 Atque
988 2463 1070 2528 haee
1086 2465 1223 2532 materia

79 2569 135 2638 siue
155 2575 213 2642 boc
235 2599 350 2665 eorpus
372 2577 467 2642 homo
491 2585 552 2657 est,
579 2575 665 2663 quod
692 2575 776 2640 inest
801 2574 834 2639 id
858 2574 943 2662 quod
967 2582 1037 2638 erat
1059 2573 1147 2640 notio
1170 2575 1223 2641 ho

79 2679 167 2767 minis,
190 2686 264 2752 b6:
286 2683 343 2754 καὶ
363 2679 548 2775 ἅνθρωπος
568 2681 654 2765 τοδί,
677 2679 752 2774 {iuri
767 2685 864 2768 σῶμα
878 2684 980 2752 τοῦτο
1001 2684 1079 2754 τοδὶ
1099 2679 1222 2774 i'xov‘).

138 2967 154 3034 ¹)
171 2972 333 3026 Vocabulum
352 2971 418 3026 ταδί
432 2981 493 3026 ante
511 2971 558 3026 διὰ
577 2976 606 3025 τί
622 2971 696 3027 ἔστιν
720 2975 752 3026 de
774 2975 927 3026 coniectura
950 2972 1054 3026 addidit
1071 2975 1222 3036 Bonitsius,

76 3053 238 3115 crotensi„
257 3063 315 3114 orit.
334 3078 360 3128 p.
375 3066 417 3114 99.
446 3049 498 3114 Sed
516 3066 540 3114 si
558 3063 623 3130 quid
641 3061 728 3128 rideo,
747 3060 817 3126 τοδί,
835 3078 889 3115 uon
908 3060 976 3114 ταδί
991 3069 1048 3114 erut
1065 3059 1223 3114 addendum.

77 3141 131 3196 Nau
148 3153 276 3202 unientis
292 3159 333 3204 est
351 3152 430 3205 huso:
454 3153 571 3218 quaerit,
590 3153 701 3202 muteris
718 3165 766 3202 cur
782 3150 834 3202 hoc
852 3156 953 3202 certum
971 3165 1003 3200 ac
1021 3148 1162 3202 definitum
1177 3150 1224 3202 'sit-

78 3229 173 3286 llsteris
190 3239 294 3304 quidem
313 3245 354 3290 est
375 3236 453 3302 suit,
476 3254 535 3290 curu
559 3255 605 3306 per
628 3253 656 3288 se
681 3240 783 3290 uuitete
805 3243 905 3301 cureat,
932 3242 1024 3288 contra
1043 3237 1225 3304 praedicatum

77 3329 107 3368 ui
123 3339 213 3390 uuum,
236 3343 315 3392 quem
334 3327 368 3378 ob
386 3342 495 3378 esussm
512 3343 622 3378 numero
640 3324 844 3393 significandum
867 3331 907 3376 est
927 3325 1077 3392 singulari,
1103 3326 1137 3377 oi.
1159 3328 1224 3375 1041

76 3411 134 3462 ¹26:
158 3415 203 3464 nui
221 3411 268 3465 διὰ
287 3418 314 3466 τί
329 3414 403 3479 surii,
423 3407 485 3469 οἷον
503 3416 617 3468 πλίνθοι
636 3414 683 3466 καὶ
702 3414 787 3476 λίθοι,
808 3412 883 3464 οἰκία
903 3410 991 3472 luein·
1014 3413 1077 3466 be:
1098 3409 1168 3465 citit
1186 3410 1225 3482 μὴ

76 3491 189 3564 διορίζειν
205 3497 246 3552 ὅτι
266 3497 332 3554 τάδε
351 3502 478 3571 (intelleg.
498 3503 646 3568 materiam)
665 3496 727 3552 τόδε
748 3500 877 3566 (intelleg.
891 3499 1077 3568 praedicatum
1094 3503 1152 3554 sive
1165 3500 1226 3552 sub·

75 3587 202 3648 sunum).
231 3589 288 3640 bo:
308 3581 368 3642 οἷον
388 3592 462 3642 οἰκία
481 3589 545 3644 τοδὶ
564 3588 610 3641 διὰ
629 3592 668 3650 ri,·
688 3589 714 3643 h.
733 3604 755 3640 e.
774 3604 822 3640 cur
839 3589 906 3642 lusco
924 3592 1037 3644 muteris
1055 3594 1097 3640 est
1115 3589 1227 3642 domus?

135 3673 210 3738 ⁷)Gs.
229 3677 402 3732 Trendeleub.
426 3679 499 3732 Hist.
518 3680 600 3730 Beitr.
619 3679 646 3742 1,
665 3694 690 3744 p.
703 3682 745 3729 41.
784 3678 848 3728 liet.
867 3677 904 3742 Z,
931 3683 969 3730 li.
992 3675 1137 3730 lotlb'l:
1160 3669 1227 3728 ὥστε

74 3753 98 3810 ui
114 3763 198 3817 uhter
216 3765 330 3828 ζητεῖται
351 3766 397 3832 τῆς
419 3763 498 3833 ὕλης·
521 3766 600 3820 τοῦτο
621 3761 650 3817 δ’
672 3763 730 3818 ἐστὶ
752 3764 783 3816 τὸ
803 3763 877 3822 older
895 3752 918 3834 ᾧ
936 3767 966 3818 rt
981 3763 1080 3828 ἔστιν’,
1097 3765 1178 3817 τοῦτο
1197 3758 1225 3814 δ’

76 3841 188 3908 ἡούσία.

136 3937 225 4002 ¹)Hic
242 3957 319 4004 suus,
345 3942 409 4006 quin
428 3943 560 3996 scribatur
577 3939 651 4008 τοδί,
675 3942 733 3994 lieri
751 3943 861 3994 omniuo
887 3957 941 3994 nou
960 3947 1065 4006 potest,
1091 3955 1152 3992 oum
1170 3955 1229 3992 seu·

75 4026 146 4078 uotis
162 4029 197 4080 sit
215 4028 291 4081 huuc:
310 4031 374 4095 quis
391 4031 461 4082 inest
478 4031 506 4082 id
524 4030 595 4097 quod
613 4037 669 4082 erat
685 4031 769 4082 forma
787 4037 813 4082 et
831 4029 907 4080 notio
927 4030 1030 4082 domus.

136 4115 153 4178 ⁸)
173 4117 345 4170 Scribeudum
363 4133 420 4170 esse
437 4119 516 4172 uobis
528 4119 647 4170 videtur:
666 4109 876 4186 nutrierimus
889 4115 958 4170 ταδί
974 4125 1018 4180 ,et
1030 4118 1099 4170 hoec
1111 4115 1230 4181 materie,

76 4197 136 4264 ruit,
154 4203 230 4257 homo
249 4209 314 4272 θοὴ·
334 4207 391 4259 soil.
410 4201 451 4260 riu
470 4203 587 4276 ὑπάρχει
606 4205 676 4272 τοδί,
697 4196 764 4270 δῆν
781 4201 811 4258 τὸ
832 4199 978 4274 ἀνθρώπῳ
997 4204 1081 4260 εἶναι.
1119 4203 1231 4270 cuspius

6 4300 12 4337 t
76 4289 168 4350 quidem
185 4295 213 4346 iu
231 4295 283 4348 hoe
299 4296 539 4364 metaphysicoruru
557 4295 644 4363 capite
661 4295 833 4346 mutavimus.
867 4293 920 4346 Sed
933 4295 962 4344 in
975 4295 1024 4346 tuli
1038 4293 1231 4344 sententiarum

7 4394 11 4403 ·
77 4375 352 4450 communetotum
370 4397 475 4436 necesse
495 4399 552 4436 esse
569 4389 709 4450 putumus,
734 4383 872 4434 motorium
892 4380 1044 4450 significari
1065 4378 1164 4444 plurali
1183 4395 1232 4432 uu·

77 4475 136 4518 wo
152 4469 244 4539 (ruit),
263 4471 394 4541 singulari
407 4471 490 4544 (surii)
504 4471 614 4526 formum
627 4479 654 4526 et
665 4471 851 4529 subraucum.
893 4467 1038 4524 Facillime
1050 4473 1139 4520 sutem
1153 4466 1234 4520 libru-
