2966 5072
654 515 695 578 49

156 681 265 743 autem
287 679 322 744 in
344 699 382 745 eo
404 679 543 762 positam
564 701 650 761 esee,
673 687 711 746 ut
732 679 905 745 secumdum
925 679 1076 744 virtutem
1103 678 1187 743 viva·

155 769 304 866 tur1¹³)','
335 781 370 848 id
397 783 516 866 ipsum,
550 791 587 851 ut
612 784 825 869 persuadeat,
858 782 956 848 etiam
982 787 1094 847 nostro
1116 780 1188 846 looo

157 903 281 951 summo
309 905 382 951 eum
404 886 513 953 studio
533 888 596 953 niti
617 889 771 953 videmus.
814 885 1021 953 Politicorum
1039 884 1124 950 enim
1138 889 1186 949 to·

155 993 223 1053 tum
246 995 347 1072 eaput
367 991 505 1073 primum
526 993 561 1056 in
583 1013 621 1058 eo
643 999 805 1072 versatur,
838 995 876 1056 ut
898 990 984 1074 quod
1005 988 1061 1054 illo
1083 987 1187 1054 altero

156 1089 224 1158 looo
246 1092 457 1176 concluserit,
480 1095 579 1160 animi
600 1095 687 1160 bona
709 1113 780 1160 esse
800 1093 934 1176 reliquis
963 1091 1186 1178 praeferenda,

156 1195 216 1264 hoc
237 1195 344 1263 altero
366 1198 436 1266 loeo
456 1199 627 1283 probabile
648 1197 767 1280 faeiat,
790 1197 1026 1265 beatitudinem
1048 1203 1082 1264 et
1092 1197 1189 1264 felici·

154 1317 256 1376 tatem
279 1330 346 1376 non
367 1317 435 1374 tam
450 1311 485 1374 in
496 1311 637 1375 externis
649 1310 743 1376 bonis
755 1329 826 1374 esee
841 1307 1069 1393 quaerendam,
1092 1330 1189 1393 quem

154 1414 196 1481 ab
216 1417 292 1499 ipsa
319 1416 441 1480 virtute
468 1415 687 1497 repetendam.
738 1413 832 1492 Quae
861 1433 959 1497 quum
991 1414 1072 1479 satis
1100 1414 1189 1480 clara

156 1539 226 1585 esee
247 1519 436 1600 videantur,
458 1539 523 1584 non
546 1525 609 1600 eet,
635 1522 721 1604 quod
743 1520 777 1584 in
797 1517 849 1584 his
876 1518 1096 1599 immoremur,
1131 1519 1188 1584 sed

155 1625 266 1690 statim
288 1623 380 1690 illum
401 1622 506 1690 locum
521 1623 695 1709 adJungere
717 1624 823 1704 liceat,
846 1621 903 1708 qui
925 1643 997 1687 cum
1020 1643 1068 1704 ee,
1092 1643 1188 1706 quem

154 1727 248 1794 modo
278 1729 507 1808 tractavimuS,
548 1728 681 1793 eandem
712 1729 871 1794 rationem
900 1725 1021 1793 habere
1049 1728 1186 1794 videtur.

156 1829 240 1897 Dicit
265 1832 301 1897 in
330 1831 640 1912 materterarum,
669 1836 700 1912 1,
728 1837 759 1896 1:
797 1831 913 1894 Πάντα
943 1829 983 1914 δὴ
1005 1830 1139 1910 τάγαθὰ
1168 1834 1189 1917 ἤ

156 1935 242 2014 ἔτιὸς
263 1938 285 2022 ἤ
305 1934 344 1999 ἐν
364 1939 455 2025 ψυχῇ
477 1941 531 1998 καὶ
553 1937 673 2000 τούτων
695 1933 889 2020 αἱρετώτατον
909 1937 948 1998 τοὶ
971 1936 1008 1998 ἐν
1030 1939 1067 2026 τῇ
1084 1941 1185 2026 ψυχῇ.

156 2038 311 2120 καθάπερ
346 2037 567 2123 διαιρούμεθα
589 2044 643 2102 καὶ
671 2041 708 2102 ἐν
734 2050 815 2113 τοϊς
843 2039 1098 2122 ἐξωτερικοῖς
1123 2041 1187 2106 λά·-

155 2165 253 2220 γοις·
285 2144 440 2228 φρόνησις
467 2145 529 2227 γὰρ
551 2146 605 2206 καὶ
627 2143 723 2228 οἰρειῆ
747 2146 801 2205 καὶ
821 2141 922 2227 ἡδονὴ
945 2143 981 2206 ἐν
1003 2147 1104 2233 ψυχῇ.
1147 2146 1186 2212 In

156 2247 202 2314 his
226 2247 314 2332 quod
337 2249 400 2313 duo
426 2253 554 2312 tantum
584 2268 704 2331 genera
732 2246 891 2314 bonorum
923 2267 1020 2313 nosse
1046 2249 1184 2332 videtur,

154 2351 188 2418 id
208 2372 267 2418 nos
297 2351 470 2436 prohibere
497 2371 562 2417 nou
591 2351 706 2431 debet,
742 2373 805 2435 quo
833 2352 939 2417 minue
968 2351 1054 2418 huno
1080 2354 1185 2421 locum
1305 2365 1310 2374 '

155 2457 315 2539 respicere
337 2455 506 2521 credamus
535 2455 578 2521 ad
598 2455 706 2541 Magn.
730 2455 843 2523 Moral.
874 2456 1010 2522 eundem
1031 2457 1064 2540 1,
1094 2463 1130 2542 3,
1158 2465 1184 2542 1,

156 2559 195 2626 de
224 2581 289 2644 quo
311 2560 407 2625 modo
428 2561 621 2626 mentionem
643 2561 786 2626 fecimus.
840 2560 944 2638 Quum
974 2563 1059 2629 enim
1088 2568 1185 2632 enimi

155 2663 239 2730 bona
260 2665 391 2749 potiora
412 2664 541 2746 habeat,
565 2665 659 2748 quasi
682 2671 797 2747 sponte
819 2665 946 2750 reliqua
966 2668 1001 2732 in
1018 2689 1117 2734 unum
1132 2691 1184 2755 ge·

155 2789 213 2834 nus
235 2767 432 2834 coalescunt.
477 2769 675 2834 Nominatim
697 2775 806 2834 autem
827 2776 939 2836 nostro
961 2770 1031 2838 loco
1047 2774 1185 2856 pruden.

154 2871 250 2952 tiam,
273 2873 444 2953 virtutem,
473 2873 672 2957 voluptatem
694 2872 728 2938 in
750 2857 856 2938 airino
883 2893 954 2940 esse
976 2875 1069 2958 dicit,
1091 2879 1185 2961 quani
1220 2957 1223 2964 ¹

152 2976 186 3042 in
210 2977 399 3042 memoriam
428 2997 579 3043 revocans
607 2976 783 3043 lectoribus
811 2977 847 3041 in
868 2977 1062 3062 ἐξωτερικοῖς
1080 2980 1186 3061 λόγοις

153 3081 287 3146 eandem
310 3101 344 3144 se
367 3079 465 3144 animi
486 3081 644 3147 bonorum
666 3081 854 3146 divisionem
875 3081 1063 3150 instituisse.

217 3189 289 3255 Etsi
310 3188 361 3255 his
379 3194 446 3276 jam
469 3192 549 3258 satis
571 3195 715 3258 nostram
738 3193 930 3258 sententiam
945 3194 1102 3258 munitam
1115 3213 1185 3258 esse

152 3293 367 3376 arbitramur,
408 3301 518 3362 tamen
552 3296 693 3382 reliquos
721 3295 810 3363 locos
838 3298 1098 3380 praetermittere
1129 3319 1184 3364 no·

150 3396 276 3478 lomus,
308 3418 444 3482 quorum
467 3407 557 3480 sunt,
591 3402 647 3485 qui
672 3401 726 3466 vix
747 3401 924 3486 quidquam
945 3402 979 3467 in
1001 3421 1041 3468 ea
1069 3423 1105 3468 re
1127 3403 1184 3468 du·

151 3501 320 3569 bitationis
342 3522 509 3568 remanere
531 3505 648 3570 sinant.
694 3503 828 3590 Legitur
843 3503 877 3569 in
890 3507 1068 3570 Etbicoram
1085 3511 1183 3571 Nico-

154 3609 350 3671 nuoteorum
373 3605 447 3672 libr.
465 3607 517 3690 vl,
541 3615 579 3674 4:
604 3611 673 3674 Τοῦ
696 3607 728 3672 δ’
750 3607 960 3690 ἐνδεχομένου
984 3609 1091 3684 ἄλλως
1103 3611 1185 3691 ἔχειν

152 3709 215 3775 ὅσοι
237 3735 265 3774 τι
287 3717 341 3774 καὶ
364 3713 498 3798 ποιητὸν
522 3717 578 3777 καὶ
607 3715 765 3801 πρακτόν,
798 3717 907 3798 ἕτερον
935 3712 1031 3778 δ’ἐοιί
1061 3718 1185 3799 ποίησις

151 3821 206 3876 rot
229 3817 355 3898 πρᾶξις.
402 3818 596 3900 arratam
625 3818 661 3883 δὲ
684 3821 756 3904 περὶ
782 3816 889 3882 artenia
917 3823 971 3881 καὶ
998 3827 1075 3892 τοϊς
1096 3818 1183 3894 ἐξω-

149 3929 319 3998 τερικοῖς
348 3917 488 3999 λόγοις.
536 3922 631 3987 Ὥστε
662 3928 716 3985 καὶ
740 3921 757 4008 ἢ
779 3922 858 4005 μετὰ
888 3920 986 4000 λόγου
1013 3925 1076 3998 ἕξις
1098 3945 1184 4006 πρα-

151 4021 235 4108 torp
258 4025 365 4106 ἔτερόν
386 4021 449 4087 ἕσιν
478 4029 532 4112 τῆς
551 4029 630 4107 μετὰ
655 4024 753 4109 λόγον
783 4029 946 4110 ποιρὴνῆς
974 4027 1075 4100 ἕξεως.
1125 4029 1183 4089 Διὸ

150 4123 226 4190 or'dt
250 4131 449 4208 περιέχοντα,
474 4127 527 4193 ἐπ’
549 4125 717 4216 ἀλλήλοιν·
741 4129 812 4192 οὔτε
834 4129 896 4212 γὰρ
919 4129 938 4214 ἢ
958 4132 1073 4212 πρᾶξις
1094 4133 1182 4214 ποίη-

150 4249 198 4304 σις
219 4233 290 4294 οὔτε
312 4231 329 4314 ἡ
354 4234 476 4316 ποίησις
498 4235 617 4320 πρᾶξίς
638 4237 733 4300 ἐστιν.
781 4233 886 4312 Quum
900 4235 934 4299 in
950 4238 1048 4300 Etleie.
1059 4238 1182 4300 Ertdem.

962 4355 979 4412 4
