2870 5076
529 407 737 476 ..μμ

76 605 185 676 quoque
218 603 307 650 mens
340 583 515 649 formarum
550 581 643 648 sedes
677 580 728 646 sit.
775 577 914 668 Semper
939 602 1015 646 vero
1044 587 1141 668 atque
1169 599 1210 644 ex

7 687 9 728 ²
76 703 186 761 aeterum
209 704 354 782 tempore
377 694 500 760 formae
514 693 542 760 ei
558 693 770 758 obversantur
785 692 903 780 optime
926 689 1091 756 ordinatae
1114 699 1211 778 atque

76 801 244 890 dispositae,
273 815 309 870 ut
335 803 489 870 mundum
518 802 659 869 efficiant
687 825 794 868 unum.
840 799 957 881 Quam·
974 801 1015 867 ob
1043 823 1108 866 rem
1134 801 1210 866 deus

76 923 115 978 ert
132 912 168 981 τὸ
187 910 223 981 τί
242 905 283 1004 ἦν
305 904 392 981 εἶναι
418 913 458 981 τὸ
481 911 614 1003 πρῶτον
625 915 665 998 ι),
695 935 766 978 oum
793 911 836 980 τὰ
862 909 897 980 τί
923 902 963 1001 ἦν
992 903 1078 978 εἶναι
1105 910 1211 976 omnia

74 1023 126 1090 siut
144 1047 201 1114 per
221 1025 320 1091 illum.
367 1025 473 1104 Quam
501 1025 678 1092 formarum
703 1023 947 1090 universitatem
970 1025 1115 1089 conferre
1137 1023 1213 1088 licet

75 1131 111 1198 illi
129 1135 210 1223 apud
225 1135 393 1201 Platonem
416 1135 544 1200 animali
566 1134 653 1223 quod
675 1133 782 1199 omnia
805 1134 933 1200 omnino
958 1133 1107 1200 animalia
1129 1133 1160 1198 in
1178 1155 1212 1196 ae

76 1245 212 1312 eontinet.
247 1245 342 1312 -Nam
364 1245 425 1310 hoo
448 1244 567 1311 animal
590 1244 668 1311 nihil
697 1243 783 1310 aliud
810 1253 858 1309 est
880 1243 940 1309 nisi
963 1243 1107 1309 idearum
1132 1267 1214 1309 sum-

76 1375 129 1436 na,
156 1355 200 1422 ita
226 1367 334 1422 tamen
362 1366 397 1422 ut
424 1354 517 1421 ideae
540 1375 651 1421 omnes
673 1355 795 1442 pariter
817 1363 914 1441 atqua
938 1353 1083 1420 animalis
1105 1365 1214 1442 partes

76 1464 179 1550 optime
201 1467 397 1554 compositae
420 1475 453 1532 et
474 1466 507 1531 in
530 1489 629 1532 unum
653 1463 744 1552 quasi
765 1487 883 1552 oorpus
902 1465 1091 1530 ooniunotae
1107 1463 1213 1550 sint').

145 1576 252 1666 Atque
282 1576 322 1642 ad
353 1577 435 1642 hano
463 1579 641 1643 formarum
670 1574 913 1642 universitatem
947 1574 1025 1641 deus
1059 1575 1213 1641 mundum

75 1685 207 1752 sensilem
231 1687 346 1770 effecit,
369 1686 491 1772 puriter
512 1696 610 1774 atque
634 1684 712 1750 deus
736 1684 820 1772 apud
843 1685 1015 1752 Platonem
1038 1686 1214 1752 secundnm

76 1793 179 1861 animal
204 1796 422 1886 intellegibile.
468 1797 552 1865 Cum
578 1816 657 1862 vero
687 1793 739 1860 dei
765 1805 873 1861 mente
904 1795 1217 1885 comprehendantur

75 1903 201 1989 formae,
228 1906 356 1974 divinae
376 1917 511 1974 naturae
533 1908 650 1996 plenae
675 1903 738 1970 sint
766 1927 899 1971 necesse
922 1915 986 1989 eat,
1016 1907 1153 1995 qualit,
1182 1915 1216 1972 ut

76 2013 117 2080 hio
139 2039 263 2107 qaoque
285 2017 434 2099 mundus,
457 2027 494 2084 ut
516 2017 573 2106 qui
596 2014 774 2084 secondum
796 2015 868 2082 illas
891 2017 1023 2082 effeetus
1039 2017 1080 2083 sit
1095 2027 1126 2082 et
1145 2039 1217 2082 con·

76 2123 164 2210 ditus,
198 2138 333 2194 naturae
364 2128 491 2195 divinae
520 2127 562 2192 ait
588 2129 762 2216 particeps.
808 2128 923 2216 Itaque
952 2126 1049 2192 divini
1078 2127 1216 2192 numinis

76 2237 231 2322 qualitates
254 2239 455 2328 aliquatenus
479 2238 576 2306 etiam
608 2237 640 2304 in
662 2233 758 2304 huiui
780 2237 891 2304 mundi
912 2237 1008 2304 rebus
1031 2247 1216 2304 cernuntur.

77 2343 154 2413 Deus
176 2358 224 2416 est
245 2349 433 2433 substantia,
459 2360 561 2432 aotus,
591 2350 666 2432 vita,
696 2359 857 2434 aeternus,
886 2347 1071 2436 speculatio,
1094 2357 1143 2414 est
1165 2348 1218 2413 bo·

77 2477 142 2522 num
169 2467 201 2526 et
225 2459 399 2549 optimum,
432 2461 584 2549 quocirca
616 2459 730 2525 herum
767 2481 896 2548 quoque
927 2481 1052 2552 rernm⁹
1067 2458 1218 2546 primaria
1309 2445 1311 2452 Α

78 2575 178 2633 natura
205 2580 253 2636 est
281 2569 460 2636 substantia
486 2581 584 2657 atque
614 2579 702 2634 certe
733 2591 816 2657 quae
849 2569 991 2637 animata
1019 2580 1093 2636 sunt
1121 2569 1218 2635 vitam

77 2687 233 2768 actumque
256 2691 288 2746 et
309 2680 529 2746 aeternitatem
553 2678 764 2767 appetunt⁸);
788 2689 885 2766 atque
908 2679 1071 2746 hominurn
1096 2703 1219 2747 summa

77 2786 149 2853 aetio
178 2800 226 2857 est
252 2789 427 2877 speculatio
441 2789 478 2876 ⁴).
529 2788 706 2856 Praeterea
735 2789 817 2856 fines
852 2791 907 2877 qui
936 2801 1010 2855 sunt
1042 2790 1218 2857 secundom

79 2947 264 2965 ᾖ

142 3055 158 3118 ¹)
175 3057 236 3108 aret.
254 3057 294 3121 A,
314 3061 339 3108 a.
359 3061 426 3108 rora
438 3074 455 3108 ιι
467 3059 509 3109 τε.

141 3142 160 3208 't
177 3144 244 3199 Plat.
261 3145 329 3194 Tim.
349 3145 422 3196 800:
447 3137 553 3196 Τούτου
572 3143 590 3195 d
595 3140 601 3159 ¹
622 3139 796 3213 ὑπάρχοντος
812 3137 847 3196 αὖ
865 3141 898 3197 τὰ
918 3139 1021 3202 τούτοις
1040 3143 1137 3213 ἐφεξῆς
1155 3141 1222 3214 ἡμῖν

80 3225 183 3296 ὶεττέον,
200 3233 253 3284 τένι
270 3231 325 3284 τῶν
344 3227 419 3292 ζώων
438 3227 524 3285 αὐτὸν
542 3233 580 3290 εἰς
597 3227 747 3302 ὁμοιότητα
760 3227 774 3282 ὁ
789 3229 915 3290 ξυνιστὰς
931 3232 1083 3298 ξυνέστησε.
1103 3233 1157 3284 τῶν
1169 3232 1223 3301 μέν

80 3306 121 3367 οὖν
137 3313 165 3371 έν
179 3321 283 3390 μέρους
299 3318 367 3372 εῖδει
384 3314 553 3388 πεφυκότων
569 3316 669 3389 μηδενὶ
693 3314 920 3391 ταταξιιόσιομεν·
941 3317 1033 3374 ἀτελεῖ
1057 3317 1111 3388 γὰρ
1136 3317 1226 3376 lorado

82 3397 151 3457 otta
175 3402 238 3459 ποτ’
262 3400 298 3459 ἂν
321 3408 429 3475 γένοιτο
451 3403 550 3460 καλόν·
575 3394 608 3458 οὗ
632 3405 662 3458 d'
682 3407 739 3460 ἔστι
760 3398 846 3458 τᾶλλα
871 3406 925 3467 ζῶα
950 3403 1018 3462 καθ’
1040 3405 1071 3460 ἓν
1089 3407 1137 3459 καὶ
1155 3404 1224 3458 κατὰ

80 3489 134 3556 ritu
148 3489 247 3563 μόρια,
269 3489 356 3562 τούτῳ
379 3489 492 3548 πάντων
515 3489 680 3565 ὁμοιότατον
705 3491 789 3548 αὐτὸν
814 3491 882 3547 εἶναι
907 3497 1038 3568 τιθεῖμεν.
1065 3493 1099 3547 τὰ
1117 3490 1172 3563 γὰρ
1192 3490 1225 3558 δὴ

82 3579 152 3640 νοητὰ
170 3581 224 3640 ζῶα
242 3577 333 3634 πάντα
352 3581 440 3635 έκεῖνο
459 3581 490 3636 έν
508 3580 597 3648 ἔστιτῷ
615 3581 766 3650 περιλαβὸν
785 3581 854 3650 ἔχει,
873 3579 1002 3655 καθάπερ
1021 3575 1069 3636 ὅδε
1089 3580 1103 3636 o‘
1121 3579 1226 3650 κόσμος

81 3655 140 3728 ἡμᾶς
156 3663 208 3719 ὅσα
227 3685 255 3722 τε
273 3661 343 3720 ἄλλα
362 3672 510 3740 θρέμματα
529 3671 689 3733 ξυνέστητεν
706 3666 802 3739 ὁρατά.

142 3757 161 3820 ⁸)
179 3758 219 3809 De
237 3758 316 3808 anim.
333 3757 369 3823 ΙΙ,
388 3762 412 3811 4.
431 3760 483 3810 alo
496 3774 512 3809 τ
526 3761 573 3810 26:
593 3754 786 3824 φυσικώτατον
804 3756 859 3826 γὰρ
877 3761 932 3812 τῶν
950 3759 1042 3830 ἔργων
1061 3761 1117 3814 τοῖς
1136 3757 1228 3818 ζῶσιν,

82 3831 125 3890 ὅσα
137 3845 223 3896 τέιῑεια
242 3844 289 3896 καὶ
306 3842 345 3914 μὴ
364 3839 533 3914 πηρώματα,
552 3837 568 3910 ἢ
587 3840 636 3908 τὴν
653 3849 763 3913 γένεσιν
781 3840 940 3916 αὐτομάτην
959 3848 1030 3916 ἔχει,
1055 3843 1085 3898 τὸ
1113 3843 1227 3909 ποιῆσαι

82 3921 161 3996 ἕτερον
179 3924 239 3984 οἷον
258 3925 341 3995 αὐτό,
365 3931 434 3999 ζῷον
450 3931 505 4003 μὲν
523 3932 606 3999 ζῷον,
629 3929 720 4002 φυτὸν
739 3931 770 3985 di
789 3930 893 4003 φυτόν,
915 3935 964 3988 ἵνα
982 3932 1033 3988 τοῦ
1052 3927 1095 3984 dal
1114 3928 1229 3981 καὶτοῦ

82 4015 167 4068 θεέου
184 4019 335 4090 μετέχωσιν
354 4005 526 4090 ᾖδύνανται·
546 4015 709 4090 πάνταγὰρ
728 4020 834 4074 ἐκείνου
853 4016 976 4092 ὀρέγεται
997 4015 1129 4073 τάκείνου
1149 4017 1229 4072 ἕνεκα

82 4096 180 4170 πράττει
198 4101 250 4160 ὅσα
269 4102 381 4177 πράττει
398 4104 468 4161 κατὰ
486 4103 583 4178 φύσιν.

144 4193 164 4258 ⁴)
181 4194 242 4246 ath.
260 4195 318 4250 Nlo.
337 4195 371 4261 X,
390 4193 414 4250 i.
436 4195 592 4250 rrrrbae=
616 4191 631 4247 ὁ
654 4193 686 4249 δὲ
711 4196 835 4253 τοιοῦτος
858 4188 894 4247 ἂν
917 4196 957 4261 εἴη
981 4194 1041 4262 ῥέος
1067 4193 1197 4262 κρείττων
1215 4185 1231 4256 ἢ

83 4277 135 4332 τοτ’
154 4275 317 4353 ἄνθρωπον·
338 4279 370 4334 orl
389 4279 444 4354 γὰρ
462 4269 479 4356 ᾗ
498 4273 647 4354 ἅνθρωπός
665 4282 738 4337 lotar
757 4278 827 4336 οὕτω
845 4279 987 4350 βιώσεται,
1012 4275 1078 4331 ἀλλ’
1099 4264 1115 4350 ᾗ
1135 4273 1233 4332 θεῖόν

83 4380 102 4416 τι
119 4365 147 4424 έν
163 4366 235 4440 αὐτῷ
253 4367 380 4440 ὑπάρχει·
399 4367 456 4440 ὅσῳ
474 4369 506 4424 dt
525 4370 652 4442 διαφέρει
670 4373 751 4426 τοῦτο
768 4371 818 4424 τοῦ
837 4371 983 4435 συνθέτου,
1009 4363 1133 4432 τοσούτῳ
1152 4367 1200 4419 καὶ
1219 4359 1235 4430 ἡ

82 4448 193 4528 tererem
210 4459 255 4527 τῆς
272 4459 342 4536 κατὰ
359 4457 408 4527 τὴν
426 4453 511 4525 ἄλλην
530 4454 637 4532 ἀρετήν.
656 4461 681 4514 el
699 4457 732 4528 dri
751 4463 851 4513 θεῖον
863 4453 877 4510 u‘
891 4457 957 4518 νοῦς
975 4453 1049 4526 πρὸς
1060 4453 1110 4512 τὸν
1124 4447 1237 4525 ἔνθρυ-

1008 4549 1030 4616 6
