2966 5072
816 547 858 608 42

345 702 408 771 Sed
430 712 559 790 oportet
580 716 613 776 et
636 712 777 796 attingat
798 711 915 780 fortem
935 719 1040 780 metus
1062 721 1095 780 et
1119 714 1290 781 sustineat.
1336 711 1371 778 Si

344 809 428 876 enim
450 817 554 880 metus
577 834 692 898 expers
710 818 867 914 partinet,
890 819 983 885 fortis
1005 839 1071 885 nou
1093 824 1152 886 est.
1195 817 1370 914 Praeterea

343 914 442 980 etiam
463 923 551 984 metu
572 940 691 988 vacans
716 921 767 987 vel
795 922 977 1006 intrepidus
1009 922 1073 991 dici
1094 926 1218 1007 potest,
1239 926 1277 986 ut
1305 922 1373 1005 jam

344 1039 443 1103 supra
481 1021 702 1107 distinximus,
741 1030 876 1109 propter
905 1027 1038 1092 timores
1072 1033 1105 1094 et
1133 1025 1276 1112 pericula
1308 1045 1374 1090 nou

345 1125 461 1204 omnia,
485 1127 543 1192 sed
562 1133 697 1212 propter
719 1151 767 1212 ea,
791 1151 874 1214 quae
896 1152 965 1196 rem
978 1131 1104 1201 auferre
1119 1132 1253 1216 possint.
1280 1128 1372 1194 Metu

343 1247 460 1294 vacans
482 1231 559 1296 item
580 1233 694 1298 necin
712 1233 847 1300 fortuito
870 1239 903 1302 et
932 1237 1044 1319 quovis
1068 1241 1229 1320 tempore,
1260 1253 1371 1300 verum

343 1329 377 1395 in
398 1354 462 1415 quo
484 1340 516 1400 et
537 1340 642 1404 metus
664 1341 697 1404 et
718 1337 861 1422 pericrda
882 1359 983 1423 prope
1005 1339 1182 1406 imminent.
1233 1338 1317 1404 Nam
1341 1337 1370 1403 si

344 1435 415 1518 quis
437 1445 512 1520 post
534 1439 645 1506 decem
664 1462 765 1508 annos
784 1443 929 1510 futurum
955 1465 1021 1510 nou
1046 1445 1161 1510 metuit
1182 1441 1369 1528 periculum,

342 1537 536 1609 isnondum
555 1543 648 1612 sortis
670 1552 729 1613 est.
780 1547 862 1614 Sunt
883 1549 985 1629 enim,
1015 1550 1071 1632 qui
1104 1549 1267 1616 confidant
1295 1565 1369 1630 pro.-

343 1648 465 1726 pterea„
489 1648 579 1731 quod
596 1649 781 1736 longissime
801 1652 952 1720 absunta
966 1651 1117 1736 periculo,
1140 1652 1242 1738 quisi
1261 1657 1371 1718 essent

342 1751 503 1833 proxime,
526 1760 728 1823 morerentur
749 1777 782 1822 m
800 1762 847 1834 tu.
892 1756 980 1824 Talis
1007 1757 1107 1840 igitur
1136 1759 1186 1822 est
1212 1755 1370 1824 tortitudo

345 1859 378 1920 et
399 1856 448 1922 vir
469 1857 572 1924 fortis.
728 1869 729 1872 ’

406 1958 469 2026 Ρ11
495 1967 601 2030 totum
629 1963 690 2030 hoc
722 1969 820 2048 caput
848 1963 1056 2032 Aristotelem
1090 1964 1301 2033 disserentem
1330 1961 1372 2030 de

344 2062 413 2130 viro
435 2064 513 2132 forti
535 2071 569 2134 et
589 2065 630 2132 de
651 2067 840 2134 fortitudine
862 2073 988 2134 attento
1010 2069 1116 2134 animo
1139 2069 1318 2134 audivimus
1337 2073 1371 2134 et

343 2170 546 2252 perspexisse
567 2191 628 2235 nos
649 2169 846 2237 arbitramur
862 2171 982 2238 talibus
1003 2171 1289 2255 disceptationibus
1305 2191 1371 2238 non

344 2271 439 2340 modo
462 2275 618 2342 contineri
641 2274 844 2357 disciplinam
865 2274 1008 2359 aliquam
1024 2280 1081 2340 aut
1098 2275 1287 2355 doctrinam,
1311 2274 1370 2342 sed

344 2375 545 2472 definitiones
566 2398 678 2444 earum
699 2379 880 2460 notionum,
913 2378 953 2444 de
975 2379 1091 2463 quibus
1111 2399 1177 2444 non
1197 2379 1283 2444 inter
1304 2399 1370 2446 om·

344 2483 402 2546 nes
425 2482 633 2550 conveniebat
655 2486 690 2548 et
708 2481 818 2566 edique
838 2481 934 2550 modo
958 2483 1078 2567 ambigi
1106 2486 1269 2566 poterat‚-
1287 2503 1371 2566 quae

345 2586 559 2669 quumquasi
585 2586 774 2654 antecedere
799 2585 940 2652 debeant
967 2586 1170 2671 disciplinam
1202 2607 1371 2672 quamque,

346 2709 429 2774 quae
454 2691 488 2768 in
511 2691 593 2756 artis
613 2690 784 2766 termulam
804 2690 980 2776 redigenda
1001 2697 1067 2773 est,
1089 2691 1176 2758 velut
1196 2690 1249 2758 hic
1270 2691 1371 2758 scien·

317 2797 321 2805 “
345 2795 392 2860 tia
410 2813 519 2860 reruni
540 2794 683 2872 ciuilium
701 2796 751 2862 vel
773 2797 802 2862 si
822 2797 923 2864 maris
943 2817 1068 2878 earum,
1096 2817 1178 2880 quae
1200 2795 1243 2860 ad
1263 2815 1372 2862 mores

345 2900 525 2983 pertinent,
558 2904 636 2981 epte
664 2899 747 2966 tales
781 2899 1031 2982 disputationes,
1061 2898 1176 2981 quales
1202 2897 1263 2963 hae
1284 2904 1371 2982 sunt,

346 3003 525 3086 ἐξωτερικαὶ
546 3001 637 3082 λόγοι
658 3001 721 3068 diei
741 3007 902 3085 poterent,
926 3001 1117 3086 praesertim
1138 3021 1236 3084 quum
1245 3000 1371 3068 Aristo-

272 3113 275 3120 “
344 3104 427 3173 teles
448 3107 483 3172 iu
504 3107 557 3172 his
578 3107 681 3191 magis
704 3127 802 3191 quam
822 3108 857 3172 in
878 3106 952 3174 ullis
975 3105 1046 3170 aliis
1069 3103 1155 3188 quod
1181 3103 1291 3185 sciam,
1313 3125 1370 3189 po-

344 3210 469 3296 pularis
491 3211 651 3296 opinionis
673 3216 706 3277 et
726 3211 893 3278 notionum
915 3209 955 3276 de
981 3207 1107 3291 quaque
1134 3229 1171 3274 re
1192 3208 1372 3288 multitudi-

345 3315 396 3382 nis
418 3317 576 3384 rationem
598 3315 736 3384 duxerit.
778 3315 861 3382 Nam
883 3311 986 3399 ἠθικοὶ
1007 3310 1134 3394 μεγάλα
1157 3333 1210 3380 eas
1231 3313 1285 3380 vix
1309 3314 1374 3382 dici

346 3439 441 3504 posse
459 3423 528 3506 jam
549 3420 625 3486 inde
646 3425 797 3504 apparet,
821 3416 908 3501 quod
928 3419 1018 3482 totus
1038 3414 1091 3482 hic
1105 3415 1195 3484 locus
1208 3418 1251 3484 ad
1265 3439 1373 3486 mores

347 3528 497 3608 spectans
524 3524 626 3590 multo
655 3523 783 3590 brevius
812 3525 845 3587 et
873 3519 1086 3604 compressius
1113 3520 1281 3588 absolutus
1311 3529 1372 3604 est,

347 3645 447 3712 quem
471 3648 555 3712 quae
583 3627 734 3694 dicuntur
762 3624 879 3692 Ethiea
905 3623 1119 3691 Nioemaohea
1141 3629 1174 3692 et
1202 3625 1369 3693 Eudemia.

348 3730 430 3800 Sunt
452 3732 520 3801 siue
547 3730 647 3798 dubio
677 3729 739 3796 hae
766 3728 1000 3813 disputationes
1030 3729 1072 3794 ab
1094 3729 1269 3797 Aristotele
1296 3751 1371 3797 con·

328 3837 451 3919 =tectae
473 3839 559 3904 inter
571 3835 677 3902 ethica
691 3853 792 3918 opera
812 3834 1001 3919 1111111194),
1023 3832 1110 3917 quod
1121 3833 1171 3899 vel
1188 3855 1228 3902 eo
1240 3835 1375 3920 probari

347 3943 466 4028 possit,
489 3940 575 4026 quod
596 3939 686 4008 ideas
709 3959 788 4023 quas
810 3938 935 4020 dicunt,
960 3959 1042 4022 ques
1065 3958 1086 4003 a
1106 3937 1241 4004 Platone
1263 3937 1372 4004 iudue-

348 4054 401 4116 tas
422 4069 493 4116 esse
515 4051 653 4128 constat,
674 4065 740 4112 nou
760 4049 829 4110 tam
851 4043 1054 4111 vehementer
1074 4043 1110 4108 in
1130 4041 1182 4109 his
1203 4041 1296 4109 libris
1318 4063 1375 4127 op·

422 4258 763 4332 consumpsisset.
782 4261 817 4322 11,
836 4259 868 4322 t,
889 4257 937 4328 15)
949 4267 973 4312 et
993 4257 1149 4327 Caeparius.
