2966 5072
784 431 826 494 60

290 605 389 672 fuisse
412 625 451 670 ex
473 603 637 670 Ciceronis
660 599 794 686 dialogis
821 600 978 686 conjicere
1000 601 1170 678 conantur,
1203 597 1252 662 ita
1273 595 1315 662 de

291 729 331 774 ea
353 707 493 793 exponit,
515 714 553 774 ut
575 727 645 773 eam
666 705 850 790 improbare
857 706 962 789 magis
975 723 1075 796 'quam
1091 700 1315 768 conmendare

290 813 447 878 videatur.
491 812 529 877 In
551 809 685 895 singulis
707 812 791 876 enim
814 809 911 876 rebus
932 807 1103 875 insistendi
1124 808 1227 890 magis
1245 826 1314 871 mo·
1380 795 1384 816 ’

290 939 358 982 rem
382 923 414 982 et
432 917 642 1000 intelligendi,
666 917 744 1000 quid
767 916 902 999 quisque
925 913 1088 994 concedat,
1112 911 1223 997 qualis
1240 916 1324 976 erat·
1404 1001 1408 1010 ,

290 1022 488 1086 consuetudo
509 1021 669 1102 Platonis,
692 1020 899 1112 comprobat,
930 1038 1028 1102 quam
1054 1022 1211 1102 perpetua
1240 1037 1311 1082 ora·

290 1127 377 1192 tione
400 1127 491 1209 quasi
512 1127 669 1193 torrentis
688 1126 793 1190 instar
816 1125 959 1208 quamvis
981 1123 1084 1188 multa
1096 1121 1311 1208 cujuscemodi

291 1249 397 1294 secum
420 1249 542 1314 rapere.
586 1227 648 1295 Hic
669 1235 779 1294 autem
804 1227 974 1294 insistendi
1002 1233 1035 1292 et
1062 1227 1210 1310 rapidam
1239 1227 1311 1292 ora-

290 1335 410 1400 tionem
435 1335 600 1400 coercendi
626 1355 696 1400 mos
730 1339 800 1399 erat
830 1331 986 1398 Socratis
1002 1337 1034 1396 et
1062 1331 1222 1411 Platonis,
1255 1331 1312 1415 qui

290 1459 359 1504 mos
382 1459 454 1504 cum
476 1459 496 1504 1
516 1438 750 1522 posterioribus
772 1459 837 1504 non
859 1442 1119 1518 assereremus,
1141 1441 1311 1501 revocatus

291 1545 340 1607 est
362 1543 405 1620 ab
426 1543 570 1608 Arcesila
590 1541 655 1624 illc,
677 1541 865 1606 recentioris
887 1540 1070 1606 academiae
1091 1547 1227 1625 parente
1241 1539 1310 1626 ιδ5).

291 1645 361 1723 Qua
384 1648 621 1714 consuetudine
634 1652 790 1712 renovata
811 1647 844 1727 ii,
868 1647 925 1729 qui
941 1646 1058 1710 ‘audire
1080 1645 1215 1727 vellent,
1245 1665 1310 1710 non

291 1751 505 1833 quaerebant,
536 1751 593 1817 sed
614 1751 677 1834 ipsi
707 1750 872 1831 dicebant,
892 1748 978 1834 ¹quid
1014 1751 1188 1831 sentirent,
1223 1747 1336 1833 quod,

290 1874 387 1937 quum
420 1855 585 1936 fecissent,
629 1855 789 1920 Arcesilas
819 1860 940 1920 'contra
979 1855 1145 1939 disputare
1174 1851 1309 1923 solebat.

290 1957 645 2042 Sed-quiaudiebana
679 1960 766 2044 quod
794 1965 962 2043 poterant,
996 1959 1210 2028 defendebant
1239 1984 1310 2030 sen·

289 2065 426 2130 tentiam
447 2087 537 2130 suam
554 2065 621 2151 ¹³⁶).
675 2064 779 2142 Quum
810 2065 910 2149 igitur
940 2065 1050 2134 Cicero
1079 2069 1114 2133 in
1144 2067 1236 2134 libris
1269 2071 1310 2138 de

235 2169 239 2179 ’
290 2169 422 2234 Finibus
446 2190 480 2234 se
502 2167 986 2254 nontamquam'philosophum
1007 2171 1148 2238 scholam
1167 2173 1310 2257 aliquam

291 2273 524 2356 explicaturum
546 2274 693 2355 affirmet,
716 2287 805 2340 more
827 2271 1001 2357 Arcesilae,
1023 2279 1057 2343 id
1080 2284 1144 2360 est,
1167 2279 1310 2349 Socratis

290 2377 340 2440 vel
361 2375 506 2442 Platonis
529 2377 686 2444 disserere
708 2379 847 2454 voluisse
869 2377 1099 2452 existimandus
1120 2387 1191 2451 erit.
1235 2387 1309 2454 darn

290 2479 406 2561 habes,
430 2483 541 2563 credo,
567 2481 752 2549 Ciceronem
773 2483 1000 2570 multomagis
1023 2487 1142 2573 dialogi
1163 2479 1309 2558 Platonis
1340 2559 1347 2568 ,

291 2607 386 2670 quam
408 2587 591 2653 Aristotelis
613 2588 669 2655 imi
685 2594 818 2664 atorem.
864 2591 1011 2672 Accedit,
1035 2594 1121 2676 quod
1142 2593 1198 2660 ubi
1219 2594 1309 2677 sebo*

290 2689 338 2754 las
360 2691 448 2773 ipsas
471 2689 651 2758 habi-turus
665 2698 714 2758 est
736 2698 768 2758 et
791 2701 953 2778 perpetua
977 2697 1122 2763 oratione
1154 2695 1309 2783 dicturus,

290 2795 336 2859 ibi
358 2811 486 2878 quoque
508 2798 619 2880 quavis
643 2793 808 2863 occasione
830 2794 963 2882 arrepta
990 2800 1312 2870 breuibus’interro'-

291 2899 473 2982 gationibus
496 2901 728 2985 colloquentem
756 2905 969 2990 redarguens
984 2925 1022 2969 ac
1042 2905 1205 2987 refellens,
1236 2907 1309 2974 Pla·

290 3009 398 3069 tonem
420 3005 541 3100 imitari
569 3008 678 3074 studet
695 3012 764 3098 ιδ7).
809 3011 916 3088 Quid?
947 3012 1003 3096 qui
1033 3015 1065 3075 et
1093 3032 1192 3100 quurn
1207 3085 1209 3088 ¹
1225 3019 1311 3079 esset

290 3109 476 3178 adolescens
499 3117 532 3178 et
561 3120 668 3180 aetate
697 3108 772 3200 jam*
793 3122 976 3200 provectus,
1008 3113 1183 3198 'numquam
1214 3115 1312 3185 desiit

222 3215 238 3220 ’
291 3239 355 3284 non
377 3216 480 3284 solum
502 3217 608 3304 legere
630 3218 813 3302 Platonem,
848 3222 905 3286 sed
935 3221 1032 3284 etiam
1062 3219 1219 3304 quosdam
1242 3226 1310 3308 ejus

291 3321 435 3407 dialogos
456 3325 491 3390 in
511 3325 646 3392 latinam
667 3325 809 3412 linguam
821 3332 1006 3394 consertere
1019 3327 1088 3412 ¹³⁸),
1110 3347 1188 3393 num
1200 3349 1310 3395 censes

296 3441 502 3450 ——ss

365 3499 429 3574 l35)
451 3503 503 3560 ute,
534 3503 593 3554 ttae
621 3463 696 3574 Dour.
715 3507 740 3567 l,
766 3505 797 3570 5,
819 3505 873 3565 ll„
900 3561 904 3570 .
1013 3502 1078 3572 136)
1096 3505 1134 3555 De
1152 3506 1213 3560 Flo.
1231 3507 1311 3570 ll‚,‹l.

293 3589 356 3658 137)
380 3591 447 3643 Tuae.
467 3593 544 3662 Disp.
563 3597 573 3645 l
592 3611 612 3646 c.
632 3595 710 3649 5-9-
730 3597 809 3649 collato
827 3594 858 3644 ih.
877 3592 903 3662 §.
924 3594 938 3643 7
959 3601 982 3649 et
1001 3594 1026 3645 8.
1056 3595 1102 3645 lte
1121 3595 1229 3664 ttepott.
1249 3599 1311 3648 lec.

272 3681 335 3746 ¹37,
355 3682 398 3744 38,
418 3683 460 3733 39.
573 3684 637 3754 138)
657 3687 685 3737 Ut
704 3686 869 3754 Protagoram
888 3693 914 3734 et
933 3685 1076 3750 Timaeum,
1101 3703 1200 3751 quorum
1218 3689 1313 3740 1111111111

185 3767 189 3780 “
291 3772 397 3822 Cicerone
410 3776 504 3836 Juoeae
521 3775 545 3824 io
570 3776 669 3840 tingiram
693 3776 795 3826 Latinam
819 3790 953 3826 conversum
978 3791 1028 3826 esse
1053 3784 1172 3840 propterea
1190 3779 1311 3842 putaram

291 3861 352 3926 quod
377 3862 532 3925 Xenophontis
557 3865 731 3918 oeconomicum
752 3867 802 3929 ipse
827 3881 840 3914 e
864 3881 889 3916 se
920 3865 1064 3920 adolescente
1084 3867 1108 3930 ip
1133 3868 1238 3918 Latinum
1262 3885 1313 3920 esse

290 3951 424 4002 translatum
442 3951 519 4002 scribit
535 3953 565 4004 de
586 3955 663 4020 offic.
683 3956 711 4016 11,
730 3955 773 4018 24,
793 3954 835 4006 87.
854 3955 954 4006 Alterum
972 3956 1089 4006 Timaeum
1113 3965 1185 4010 aetate
1203 3973 1313 4022 progres-

292 4057 331 4092 sus
348 4041 508 4104 interpretatus
526 4051 574 4106 est,
599 4045 648 4094 sino
672 4045 741 4096 dubio
760 4059 787 4092 eo
805 4046 905 4108 consilio,
924 4054 949 4099 ut
966 4047 990 4096 in
1008 4060 1088 4097 omnes
1112 4053 1189 4112 portes
1212 4048 1314 4112 pbiloso-

293 4131 377 4195 plmndi
394 4131 469 4182 studio
487 4132 633 4184 satisfaceret.
652 4136 681 4183 ct.
701 4134 728 4182 de
749 4133 858 4200 0111111111.
879 4137 913 4197 ll,
931 4136 947 4187 2
966 4136 1035 4188 initio.
1107 4166 1110 4176 ν
