2870 5076
221 581 430 640 excrementa
450 581 565 660 sponte
586 538 774 660 sequuntur.
811 572 965 636 Attamen
987 578 1102 640 natura
1124 569 1366 659 provideretur

221 684 314 750 buius
337 705 465 770 quoque
487 682 626 768 generis,
649 683 804 768 qnantum
819 682 889 748 fieri
911 691 1029 771 potest,
1053 681 1152 748 utitur
1166 681 1223 762 ita,
1246 688 1280 746 ut
1294 702 1368 744 com·

221 794 317 893 modi·
338 793 415 881 quid
444 794 588 858 efferant.
633 792 741 858 Veluti
770 792 862 859 urina
890 795 993 858 eiecta
1019 791 1196 858 bestiarum
1218 789 1367 877 quaedam

221 927 345 993 genera
366 904 407 968 ab
430 901 663 988 aliarumipsis
685 903 871 968 infestarum
898 902 1077 990 impetuse
1100 899 1288 969 defendunt.
1329 899 1368 966 At

219 1016 253 1082 in
281 1012 428 1080 omnibus
463 1011 618 1080 eiusmodi
652 1011 749 1078 rebus
782 1011 815 1076 id
848 1011 916 1078 fieri
944 1034 1008 1078 non
1037 1020 1157 1092 potest.
1202 1011 1306 1091 Quam
1332 1009 1367 1074 ob

220 1147 350 1191 eausam
377 1123 498 1210 ubique
526 1121 605 1186 fines
637 1133 771 1190 naturae
803 1133 835 1188 et
859 1122 992 1188 consilia
1017 1143 1173 1208 quaerere
1205 1119 1367 1199 nonlicet,

221 1234 278 1300 sed
300 1257 373 1300 oum
396 1233 478 1300 aliae
499 1255 551 1298 res
575 1231 718 1297 oriantur
740 1232 812 1298 finis
834 1233 968 1298 alicuius
991 1253 1096 1313 caune,
1121 1231 1204 1298 aliae
1219 1230 1369 1298 exsistunt

220 1344 402 1410 necessario
415 1343 449 1428 ¹).
496 1342 588 1422 Quae
618 1351 725 1406 autem
752 1343 809 1407 tali
837 1342 934 1408 modo
954 1341 1136 1408 necessaria
1158 1350 1248 1422 sunt,
1281 1340 1370 1427 hypo

220 1454 358 1520 thetioae
380 1451 580 1519 necessitatis
602 1451 684 1516 lines
705 1451 769 1516 iam
795 1452 903 1540 aliqua
926 1473 965 1516 ex
988 1461 1081 1540 parte
1105 1451 1321 1540 egrediuntur.

304 1563 353 1632 Ut
374 1563 543 1630 dilucidius
566 1573 730 1649 appareat,
754 1585 837 1651 quae
860 1563 901 1628 sit
925 1561 1127 1628 necessitatis
1149 1559 1368 1650 hypotheticae

222 1676 307 1764 apud
340 1674 549 1740 Aristotelem
582 1672 630 1736 vis
663 1682 760 1761 atquo
793 1683 926 1756 natura,
963 1672 1119 1738 addamus
1152 1672 1370 1760 philosophum

221 1786 349 1874 saepius
377 1807 447 1851 eam
475 1783 620 1850 conterre
650 1783 833 1850 necessitati
858 1805 941 1870 quae
964 1782 1106 1848 cernitur
1126 1782 1160 1848 in
1181 1782 1369 1872 syllogismo.

220 1897 450 1962 Demonstrare
474 1893 609 1960 enimsi
632 1892 708 1979 qnid
725 1893 888 1976 uolumus,
911 1895 972 1958 hoc
994 1892 1098 1981 ipsum
1123 1902 1173 1958 est
1194 1893 1277 1974 finis,
1305 1892 1323 1957 i.
1345 1911 1369 1954 e.

221 2005 384 2073 conclusio
418 2004 490 2070 finis
524 2011 582 2068 est.
627 2003 721 2068 Haeo
756 2012 862 2070 sutem
892 2013 929 2072 ut
957 2004 1109 2081 exsistat,
1142 2002 1370 2092 propositiones

221 2125 295 2182 sunt
317 2113 555 2180 adsciscendae.
590 2112 789 2200 Principium
805 2111 904 2200 igitur
920 2112 1122 2198 cogitationis
1138 2123 1189 2179 est
1203 2110 1370 2191 conclusio,

221 2248 304 2314 quac
328 2225 440 2290 sinon
463 2233 526 2306 est,
553 2246 593 2288 no
616 2227 794 2310 praemissa
817 2223 946 2311 quidem
968 2233 1058 2306 suut,
1088 2223 1137 2290 sin
1161 2231 1271 2290 antem
1293 2221 1371 2286 illan

222 2359 292 2404 esse
322 2334 486 2414 volumus,
523 2333 699 2420 propositio
734 2333 836 2399 maior
864 2341 896 2398 et
930 2333 1033 2400 minor
1063 2331 1266 2400 adhibendae
1296 2339 1370 2398 sunt

223 2444 388 2530 Simulque
412 2452 546 2531 apparet
569 2444 802 2530 propositiones
818 2466 836 2508 θ
852 2443 1057 2510 conclusione
1080 2464 1151 2510 esse
1173 2451 1267 2530 aptas
1284 2452 1370 2528 atque

221 2577 280 2642 per
302 2577 374 2621 eam
399 2553 560 2620 constitui.
604 2555 690 2620 Nam
713 2553 768 2620 ubi
791 2552 877 2620 aliud
900 2564 949 2620 est
979 2553 1283 2635 demonstrandum,
1309 2549 1371 2616 eliis

220 2689 302 2753 opus
325 2674 373 2728 est
395 2664 587 2751 praemissis.
624 2666 740 2753 Neque
765 2664 857 2730 aliter
878 2686 930 2730 res
953 2663 985 2729 in
1009 2661 1190 2730 actionibus
1213 2685 1247 2728 se
1272 2661 1370 2728 habet.

221 2775 349 2842 Etenim
374 2773 400 2838 si
422 2773 494 2842 finis
517 2775 608 2842 nobis
631 2776 812 2864 propositus
836 2785 902 2856 est,
926 2775 952 2839 is
975 2773 1165 2862 principium
1190 2784 1239 2840 est
1262 2771 1371 2860 cogita-

220 2884 325 2967 tionis,
348 2884 405 2950 sed
429 2895 464 2950 ut
487 2885 687 2970 perficiamus
711 2907 795 2967 curn,
820 2885 890 2950 aliis
912 2908 993 2972 opus
1016 2895 1065 2949 est
1087 2905 1146 2972 per
1169 2907 1252 2972 quae
1269 2885 1322 2950 ille
1336 2880 1371 2948 sd

222 2997 370 3062 effectum
392 2993 493 3081 possit
515 2995 639 3060 adduci.
679 2995 770 3069 Haec
793 2995 891 3080 igitur
912 2994 1050 3060 eundern
1072 3017 1204 3081 prorsus
1228 3017 1322 3082 quem
1343 2991 1369 3056 in

221 3105 407 3192 syllogismo
429 3103 605 3188 praemissa
628 3104 731 3170 locum
755 3102 909 3170 obtinent.
947 3105 1063 3192 Itaque
1086 3104 1158 3170 tinia
1181 3103 1295 3171 sinon
1318 3111 1369 3183 est,

161 3261 164 3271 ι
220 3238 262 3281 ne
284 3238 322 3280 ea
345 3214 474 3302 quidem
497 3223 571 3277 sunt
594 3237 652 3300 per
676 3236 759 3302 quae
783 3214 931 3298 efficitur,
954 3214 1074 3300 pariter
1097 3225 1193 3302 atque
1216 3211 1369 3280 conclusio

221 3326 275 3390 ubi
304 3349 366 3390 non
395 3333 457 3406 cst,
487 3347 528 3388 ne
557 3325 734 3412 praemissa
761 3323 889 3411 quidem
919 3324 1034 3409 sunt²).
1082 3323 1139 3390 Sin
1169 3334 1274 3391 autern
1305 3345 1370 3389 con·

295 3569 312 3635 ¹)
331 3569 361 3620 L.
380 3570 398 3622 l.
418 3570 463 3632 1v‚
483 3573 506 3623 2.
527 3573 607 3621 etta
624 3574 666 3619 15:
690 3566 856 3634 καταχρῆται
877 3565 931 3635 μὲν
954 3558 1004 3618 οὖν
1026 3564 1112 3618 secors
1137 3563 1153 3632 ἡ
1178 3565 1261 3637 φύσις
1286 3568 1323 3624 εἰς
1343 3560 1368 3617 sd

122 3685 128 3700 ·
220 3651 364 3725 ὠφέλιμον
384 3657 430 3708 καὶ
448 3661 503 3714 τοῖς
523 3651 733 3724 περιττώμασιν,
753 3649 785 3704 οὐ
806 3651 862 3724 μὴν
876 3650 921 3704 dui
935 3652 1015 3706 τοῦτο
1029 3651 1073 3704 δεῖ
1084 3655 1170 3718 ζητεῖν
1188 3651 1279 3708 πάντα
1296 3654 1370 3707 ἕνεκα

220 3745 307 3805 τίνος,
329 3739 398 3794 ἀλλὰ
417 3745 498 3798 τινοῖν
517 3735 605 3795 ὅντων
623 3737 754 3794 τοιούτων
772 3739 850 3810 ἕτερα
868 3739 897 3798 ἐξ
916 3734 1038 3808 ἀνάγκης
1061 3744 1207 3812 συμβαίνει
1226 3739 1272 3794 διὰ
1290 3740 1369 3794 ταῦτα

220 3826 319 3887 πολλά.

293 3919 313 3983 ²)
332 3919 412 3986 Phys.
432 3921 466 3983 11,
486 3925 511 3973 9.
531 3924 581 3971 200
595 3935 611 3969 a
626 3921 671 3970 15:
695 3916 750 3970 ἔστι
778 3915 810 3967 δὲ
832 3912 862 3967 τὸ
888 3909 1043 3982 ἀναγκαῖον
1061 3915 1092 3968 ἓν
1109 3932 1137 3968 τι
1155 3921 1212 3975 τοῖς
1226 3913 1368 3988 μαθήμασι

219 4008 266 4058 ast
284 4005 315 4059 ἐν
332 4011 388 4064 τοῖς
407 4005 475 4060 κατὰ
488 4002 756 4076 .φύσιν’γινομένοις
773 4000 878 4072 τρόπον
889 3998 1176 4070 ιινιὶίιοριιιιῖιγσῖως·
1196 4004 1256 4058 ἐπεὶ
1273 4002 1325 4074 γὰρ
1341 3998 1367 4052 so'

220 4089 287 4146 εὐθὺ
305 4093 369 4146 τοδί
391 4094 478 4157 ἐστιν,
502 4089 609 4160 ἀνάγκη
633 4089 662 4144 ro'
686 4094 821 4162 τρίγωνον
845 4085 895 4144 δύο
919 4082 1018 4160 ὀρθοῖς
1040 4092 1103 4148 ἴσας
1126 4089 1214 4157 ἔχειν·
1238 4089 1302 4144 ἀλλ’
1322 4085 1369 4140 οὐκ

220 4180 281 4234 lust
297 4182 392 4245 rorico,
416 4182 518 4236 ἐκεῖνο·
543 4175 605 4232 tss‘
626 4182 682 4248 εἴγε
700 4181 780 4232 τοῦτο
803 4175 841 4249 μή
861 4177 944 4240 ἐστιν,
967 4173 1081 4230 οὐδὲτὸ
1100 4174 1169 4230 εὐθύ
1188 4177 1270 4236 ἐστιν.
1294 4175 1323 4230 ἐν
1341 4171 1369 4225 dl

218 4273 275 4326 τοῖς
291 4272 448 4340 γινομένοις
466 4265 546 4322 ἕνεκά
564 4285 612 4320 του
631 4264 781 4332 ἀνάπαλιν,
805 4268 829 4318 at
846 4262 875 4320 sd
894 4267 970 4324 τέλος
989 4265 1065 4318 ἔσται
1084 4260 1100 4332 ἢ
1119 4265 1186 4332 ἔστι,
1212 4268 1258 4326 sul
1276 4261 1304 4318 sd
1324 4261 1368 4331 ἔγ·

219 4361 345 4424 προοθιν
364 4356 439 4410 ἔσιθι
456 4352 473 4424 ἢ
491 4357 580 4413 ἔστιν·
603 4359 627 4410 st
645 4355 676 4408 dt
693 4351 742 4426 μή,
766 4350 860 4420 ὥσπερ
878 4352 936 4406 ἐκεῖ
951 4349 989 4423 μὴ
1008 4347 1087 4412 ὄντος
1103 4355 1153 4406 τοῦ
1172 4347 1368 4424 συμποράνμθ-
1424 4331 1425 4382 l

220 4462 264 4504 νος
283 4441 296 4512 ἦ
316 4441 386 4514 ἀρχὴ
405 4444 456 4498 οὐκ
477 4447 564 4512 ἔσται,
590 4447 636 4496 καὶ
659 4443 780 4497 ἐνταῦθα
805 4439 834 4493 τὸ
858 4443 932 4499 τέλος
951 4443 997 4493 arel
1015 4440 1045 4496 sd
1066 4428 1098 4492 cd
1117 4441 1212 4494 ἕνεκα·
1231 4438 1299 4511 ἀρχὴ
1316 4433 1366 4505 ylio
1424 4419 1425 4508 l

659 4633 666 4659 ι
708 4607 724 4652 t
