2950 5076
592 435 707 504 ’11

130 622 255 710 φιστιιιὴ
274 635 341 688 τοῖν
364 622 602 708 συμβεβηκότων
622 624 677 708 μέν
698 627 758 686 εἰσι
790 636 858 698 τοῖς
881 647 981 706 ουσιν,
1014 619 1073 704 οὐχ
1096 617 1114 705 ᾗ
1135 616 1255 684 δ’ὄντα.
1287 663 1295 684 .

132 731 218 795 1062.
244 732 272 792 b.
296 731 353 795 33:
390 724 431 801 τό
465 751 499 811 γε
529 725 589 810 μὴν
619 725 731 811 ὁμοίοις
761 726 922 810 προςέχειν.
956 737 1030 799 ταῖς
1067 720 1171 798 δόξαις
1201 724 1256 784 καὶ
1351 720 1359 734 ’

129 839 196 903 ταῖς
219 830 416 912 φαντασίαις
438 829 503 891 τῶν
535 827 613 913 πρὸς
648 827 767 903 αὐτους
801 824 1120 912 διαμφισβητούντων
1139 819 1253 898 εὔηθες.

129 935 254 1014 Deque
276 956 308 994 re
337 937 379 994 ita
396 927 593 1012 judicandum
622 954 688 994 csse
710 954 834 1005 censeo,
868 943 901 994 ut
924 953 991 993 cnm
1026 929 1059 1011 γὲ
1092 926 1151 1010 μήν
1174 927 1256 1006 nullo

128 1037 181 1096 alio
204 1037 269 1096 loco
291 1037 371 1116 apud
393 1032 582 1096 Aristotelem
604 1039 782 1108 inveniatur,
822 1045 937 1095 constet
961 1043 1068 1106 eutem,
1089 1054 1160 1092 num
1181 1033 1257 1094 liber

128 1139 156 1196 K
173 1157 244 1198 vere
267 1134 510 1214 Aristoteleus*)
546 1141 585 1198 eit
604 1138 692 1198 valde
716 1138 853 1211 dubitari,
890 1138 974 1198 illum
997 1157 1081 1197 usum
1104 1155 1256 1213 argumen-

126 1248 189 1298 tum
212 1257 278 1300 esse
302 1248 451 1317 putemus,
483 1240 591 1300 librum
614 1241 645 1298 K
666 1259 725 1300 non
741 1263 745 1268 ·
759 1240 798 1301 ab
820 1239 983 1308 Aristotele
1018 1239 1082 1318 ipso
1118 1239 1256 1317 scriptum

128 1361 202 1401 csse.
246 1340 331 1400 Idem
353 1341 538 1402 efficiendum
561 1351 606 1402 cst
631 1363 669 1401 ex
684 1343 837 1422 particulis
859 1333 931 1399 οὐδὲ
954 1334 1013 1419 μήν
1030 1339 1119 1403 modo
1141 1341 1171 1396 io
1193 1339 1256 1398 Me-

127 1443 345 1522 taphysicorum
379 1443 453 1503 libro
489 1445 519 1522 l(
554 1453 584 1504 et
617 1444 815 1524 Physicorum
849 1445 877 1502 H
907 1443 1094 1522 σεισματίας·
1112 1441 1150 1501 cf.
1185 1441 1258 1500 Met.
1304 1451 1308 1458 '

130 1543 218 1608 1059.
251 1545 280 1608 b.
317 1543 374 1606 12:
408 1536 480 1608 οὐδὲ
516 1539 576 1626 μὴν
608 1542 680 1622 περὶ
715 1539 761 1602 τοὶ
794 1536 999 1624 μαθηματικοὶ
1033 1538 1050 1612 ἡ
1088 1537 1257 1620 ζητουμένη

127 1650 182 1704 νῦν
215 1643 318 1728 ἐστινΙ
337 1641 506 1726 ἐπιστήμη,
538 1669 606 1706 cum
641 1655 711 1707 ante
747 1646 874 1708 dixisset
896 1631 1020 1726 primam
1040 1644 1258 1726 philosophiam

127 1769 184 1808 non
223 1767 290 1809 esse
335 1745 404 1819 περὶ
440 1741 485 1810 τοὶ
522 1743 596 1818 εἴδη.
657 1746 750 1811 1059.
794 1749 823 1810 b.
874 1747 930 1822 16,
972 1769 1039 1808 cum
1080 1747 1259 1808 antecedant

126 1849 231 1910 verbe:
277 1839 355 1920 ὅλως
391 1844 418 1906 d'
444 1843 611 1930 ἀπορήσειέ
632 1870 680 1919 τις
717 1842 758 1908 ἄν
794 1847 891 1919 ποίας
915 1847 1004 1934 ἐστὶν
1024 1840 1193 1926 ἐπιστήμης
1214 1840 1256 1904 τό
1345 1895 1349 1904 ,

126 1949 319 2034 διαπορῆσαι
355 1949 425 2030 περὶ
458 1957 527 2021 της·
550 1957 617 2010 τῶν
657 1951 889 2034 μαθηματικῶν
923 1941 996 2020 ὕλης
1029 1952 1141 2030 pergit:
1184 1941 1258 2006 οὔτε

126 2047 187 2132 γάρ
221 2059 277 2124 τῆς
308 2059 458 2136 φυσικῆς,
494 2046 547 2110 dmi
569 2048 617 2134 cd!
632 2051 703 2134 περὶ
729 2047 771 2114 τοὶ
802 2056 921 2131 ἔχοντα
956 2049 987 2110 ἐν
1020 2047 1132 2122 αὐτοῖς
1159 2045 1259 2132 ἀρχὴν

125 2152 267 2226 κινήσεως
289 2153 342 2213 καὶ
363 2149 508 2224 στάσεως
539 2149 600 2224 τὴν
626 2159 688 2212 τοῦ
714 2160 850 2237 φυσικοῦ
874 2139 988 2212 ποῖσαν
1011 2149 1091 2213 εἶναι
1112 2174 1258 2234 πραγμα-

125 2255 225 2328 τείαν,
264 2253 336 2314 οὐδὲ
365 2252 423 2337 μὴν
451 2263 507 2328 της
528 2249 710 2328 σκοπούσης
734 2254 804 2337 περὶ
829 2249 1013 2327 ἀποδείξεώς
1035 2273 1074 2316 τε
1107 2254 1160 2314 καὶ
1194 2255 1258 2314 ἐπι-

125 2353 257 2438 στήμης,
280 2361 323 2419 ite
337 2367 368 2419 nt
389 2352 448 2439 μήν
466 2359 591 2420 alteram
607 2359 811 2437 disjunctionis
834 2368 946 2439 partem
961 2369 1096 2438 urgueat,
1119 2359 1260 2440 adquam

125 2481 186 2522 rem
209 2463 388 2522 Aristotcles
413 2463 479 2542 ipse
512 2453 569 2534 αὖ,
601 2482 659 2522 non
683 2456 742 2541 μήν
763 2461 813 2522 vel
837 2457 892 2535 δή,
927 2461 1056 2522 adhibet.
1101 2463 1198 2522 Locus
1222 2483 1260 2522 cx

126 2565 266 2645 Physicis
282 2563 331 2622 hic
346 2573 392 2623 est
413 2563 486 2627 245.
502 2584 529 2626 a.
558 2563 613 2626 12:
640 2556 723 2624 ὥστε
747 2557 835 2620 &teto
857 2565 951 2622 ἔσται
973 2557 1092 2641 μετὰξΰ
1114 2570 1179 2621 τοί
1202 2556 1260 2620 oil-

125 2661 309 2745 λοιοομένου
340 2663 393 2722 καὶ
423 2673 484 2724 τοῦ
507 2658 725 2736 ἅλλοιοῦντος.
761 2657 833 2722 οὐδὲ
856 2658 916 2744 μὴν
948 2671 1010 2723 τοῦ
1047 2658 1261 2745 αὐξανομένου

128 2765 240 2825 τεκαὶ
276 2755 439 2845 αὔξοντος,
475 2768 528 2828 sed
563 2770 653 2828 etiam
684 2788 722 2826 ex
750 2768 801 2827 illo
835 2767 996 2847 quidquam
1030 2767 1068 2826 ed
1092 2767 1262 2827 Aristotelis

129 2891 216 2930 usum
240 2867 317 2930 effici
339 2861 428 2950 posse
463 2865 572 2948 nego,x
591 2891 657 2930 cum
688 2869 764 2931 liber
796 2871 825 2929 H
847 2890 915 2929 num
939 2870 977 2930 ab
999 2869 1161 2930 Aristotele
1192 2843 1262 2928 scii-

126 2985 194 3053 ptus
219 2967 319 3052 sit**)
339 2972 428 3032 valde
451 2973 610 3032 dubitetur.

213 3077 321 3154 Itaque
344 3075 534 3152 statuendum
566 3082 611 3134 est
630 3076 824 3134 Aristotelem
845 3075 1020 3155 particulam
1057 3067 1115 3154 μήν
1148 3081 1262 3134 tantum

128 3177 217 3238 modo
240 3185 308 3255 post
329 3171 367 3234 ori
389 3187 419 3236 et
442 3168 527 3234 ἄλλοί
549 3197 673 3256 ponere.
718 3176 803 3250 Quae
830 3197 895 3237 cum
925 3178 968 3237 ita
990 3178 1050 3236 sint
1073 3195 1175 3236 omnes
1196 3195 1265 3236 con·

120 3282 268 3358 jectrrrac,
301 3279 408 3358 quibus
444 3273 503 3360 μήν
527 3281 585 3340 alio
606 3278 695 3340 modo
729 3289 902 3359 usurpatum
935 3281 966 3339 in
990 3289 1105 3339 textum
1129 3278 1263 3350 infertur,

128 3362 309 3460 rejiciendae
333 3392 410 3455 sunt,
437 3383 522 3459 cujus
543 3382 586 3440 rei
608 3391 639 3442 ut
661 3401 752 3442 unum
774 3381 943 3460 exemplum
966 3383 1105 3442 efferam:
1132 3379 1265 3456 Scaliger

125 3485 176 3558 (cf.
204 3481 342 3554 Oncken‚
374 3484 437 3542 Eos
459 3485 485 3542 I.
524 3482 609 3558 111.)
642 3484 751 3560 injuria
782 3483 853 3546 Eth.
893 3483 987 3548 1146.
1010 3505 1037 3546 a,
1062 3481 1101 3544 12
1136 3482 1265 3542 scribere

124 3586 206 3645 vult:
250 3576 374 3640 πολλοῦ
396 3578 454 3664 μην
477 3581 525 3642 δεῖ
547 3605 589 3664 γε.
635 3583 695 3646 Sed
718 3585 756 3644 ab
778 3579 944 3645 Aristotele
977 3587 1042 3666 ipso
1077 3584 1168 3645 distat
1191 3603 1264 3644 usus

124 3687 332 3748 nonnullorum
346 3687 489 3748 librorum
510 3687 732 3747 subditiciorum
755 3696 786 3748 et
801 3687 1013 3772 Theophrasti,
1048 3707 1116 3749 cum
1143 3677 1271 3766 practer⁴

128 3873 334 3884 ........--—-..

194 3973 221 4038 *)
239 3971 294 4022 rid.
317 3973 420 4022 Bonita.
447 3977 586 4026 comment.
613 3975 641 4022 in
669 3974 816 4041 metaphys.
850 3989 911 4039 pag.
940 3975 980 4035 15,
1009 3977 1051 4036 22,
1080 3975 1123 4024 23.
1159 3973 1265 4023 Valent.

124 4062 206 4112 Rose.
225 4056 259 4106 de
279 4057 432 4108 Aristotelis
449 4057 578 4108 librorum
597 4059 688 4109 ordino
706 4065 732 4110 et
751 4061 916 4111 auctoritate.
935 4074 997 4126 pag.
1018 4061 1076 4110 156.
1335 4045 1338 4052 ’

183 4143 224 4208 W)
247 4143 285 4196 cf.
306 4145 390 4193 Titne.
420 4141 453 4192 de
471 4143 623 4196 Aristotelis
646 4161 755 4211 opernm
783 4147 852 4194 serie
880 4149 907 4194 et
936 4145 1109 4196 distinctione
1135 4157 1196 4208 pag.
1223 4143 1266 4194 48.

123 4228 252 4298 Spengel.
271 4227 404 4278 Abhaudl.
422 4228 468 4278 der
489 4229 565 4296 Bsyr.
583 4229 730 4281 Aksdemie
756 4230 802 4281 ‹ler
821 4229 984 4284 Wisseosch.
1020 4227 1267 4297 Philon-philolog.
1320 4237 1327 4244 “

124 4315 224 4368 elme.
246 4313 296 4364 111.
316 4330 378 4380 pug-
396 4315 542 4366 est-3³9.
578 4315 682 4368 Valent.
700 4317 769 4368 Boeo
788 4317 806 4368 1.
824 4317 842 4368 1.
860 4331 922 4384 ρος.
945 4316 1004 4378 199,
1023 4317 1082 4368 203.
