2934 5076
239 412 276 462 VI

241 582 385 658 diendis
410 581 456 656 iis
483 607 527 657 ac
552 581 784 658 removendis
812 583 957 657 iuvenis
979 584 1043 659 vix
1069 610 1137 686 par
1163 611 1243 660 esse
1268 586 1379 684 possit.
1441 626 1445 688 q

240 703 371 802 ltaque
398 725 545 801 sperare
570 701 657 775 licet
674 701 850 803 ‘homines
877 702 1002 778 doctos
1023 705 1061 779 in
1083 705 1154 780 hoc
1179 685 1274 779 libro
1298 705 1379 778 iudi·
1410 795 1413 800 Ι
1444 689 1445 722 ³

240 822 359 896 cando
385 819 433 894 ad
459 819 726 920 ignoscendum
752 821 895 896 futuros
928 847 1007 897 esse
1037 824 1233 900 faciliores.
1288 825 1380 898 Neve
1444 847 1446 946 1

239 943 322 1041 quis
342 940 478 1014 nimiae
496 939 639 1025 virium
651 940 893 1015 confidentiae
912 942 1059 1038 tribuat,
1085 945 1184 1044 quod
1204 971 1296 1044 opus
1315 955 1380 1016 tam

237 1061 395 1136 arduum
422 1058 588 1159 aggressi
614 1085 752 1132 sumus.
790 1059 890 1135 Nam
910 1060 976 1136 ubi
995 1075 1036 1136 ut
1052 1063 1091 1138 in
1111 1089 1244 1138 causae
1269 1062 1379 1136 finalis

237 1180 339 1282 apud
352 1178 588 1254 Aristotelem
606 1191 777 1254 naturam
800 1179 1068 1280 inquireremus
1089 1181 1129 1256 in
1151 1183 1316 1258 animum
1332 1182 1379 1255 in-

219 1300 429 1404 duximus,
460 1297 626 1406 nondum
653 1325 748 1398 quae
774 1310 897 1372 essent
924 1298 1158 1377 difficultates
1185 1302 1379 1403 perspicere

236 1431 457 1520 poteramus.
508 1415 640 1516 Neque
674 1417 773 1493 hunc
808 1417 945 1493 librum
978 1418 1059 1492 ausi
1095 1444 1258 1496 essemus
1287 1421 1377 1508 ¹foras

236 1537 362 1632 edere,
400 1536 474 1612 nisi
512 1536 594 1610 aliis
629 1537 694 1637 qui
735 1538 938 1613 doctrinam
973 1537 1233 1613 Aristoteleam
1275 1540 1378 1640 probe

234 1670 372 1732 norunt
397 1657 437 1732 in
460 1655 680 1756 explicanda
698 1655 894 1757 stagiritae
915 1655 1151 1758 philosophia
1177 1683 1220 1732 eo
1248 1660 1379 1760 aliquid

232 1777 432 1878 profecisse
458 1802 622 1852 essemus
642 1776 724 1850 visi.
757 1779 890 1877 Atque,
916 1803 964 1850 ne
989 1776 1266 1878 implicaremur
1283 1790 1377 1854 'erro-

233 1895 348 1990 ribus
374 1896 414 1970 in
439 1907 517 1970 tota
543 1895 791 1994 disputatione
816 1896 886 1972 hoc
910 1896 1070 1972 maxime
1097 1897 1318 2002 curavimus
1343 1911 1378 1972 ut

226 2015 481 2092 ⁴‘devitaremus
504 2042 631 2090 omnes
651 2016 878 2090 coniecturas
897 2028 1007 2116 atque
1027 2017 1315 2092 existimationes
1327 2019 1376 2092 in-

233 2145 352 2210 certas
389 2159 483 2208 neve
521 2134 725 2236 quidquam
763 2137 1004 2210 statueremus
1044 2137 1145 2236 quod
1178 2137 1376 2214 Aristotelis

233 2253 355 2329 verbis
381 2278 457 2326 non
483 2252 710 2326 inniteretur.
748 2251 820 2328 Sed
847 2253 938 2328 haec
964 2255 1045 2354 ipsa
1065 2282 1175 2358 saepe
1195 2257 1375 2334 intellectu

232 2373 433 2448 admodum
465 2384 553 2446 sunt
585 2370 769 2466 difficilia,
807 2372 858 2446 ita
894 2385 936 2447 ut
973 2351 1253 2476 nonnumquam
1291 2376 1375 2450 alios

233 2492 346 2568 aliam
377 2491 424 2566 iis
459 2490 625 2565 subicere
660 2491 879 2566 sententiam
910 2519 986 2566 non
1021 2494 1086 2588 sit,
1125 2493 1200 2570 cur'
1231 2495 1376 2573 mireris.

232 2611 364 2712 Neque
394 2637 478 2685 raro
511 2609 618 2684 nobis
645 2636 668 2686 a
692 2610 917 2712 reliquorum
949 2613 1189 2714 interpretum
1223 2614 1376 2716 explica-

216 2730 393 2811 tionibus
420 2742 498 2810 erat
524 2729 798 2806 discedendum.
841 2729 951 2822 Quod
976 2731 1041 2807 ubi
1067 2734 1202 2808 accidit
1228 2735 1267 2810 in
1292 2733 1376 2808 locis

231 2851 297 2950 qui
329 2849 478 2927 maioris
503 2850 693 2925 momenti
732 2877 812 2942 esse
849 2850 1080 2947 videbantur,
1120 2879 1186 2928 cur
1223 2854 1268 2930 iis
1305 2879 1375 2926 non

231 2969 492 3046 assentiremur
529 2969 769 3068 apposuimus
806 2982 1034 3070 argumenta.
1087 2971 1198 3064 Quod
1230 2971 1374 3048 minime

230 3090 384 3165 fecimus
408 3087 570 3172 „consilio
603 3112 663 3183 eo,
694 3102 736 3163 ut
766 3089 934 3188 homines
965 3091 1051 3168 illos
1084 3093 1210 3170 doctos
1238 3092 1373 3190 vitupe-

230 3235 405 3303 raremus‚
432 3207 497 3284 sed
523 3207 570 3284 ob
596 3209 693 3283 hanc
719 3209 837 3284 solam
862 3236 1024 3305 causam,
1056 3212 1220 3312 nequid
1246 3226 1374 3286 temere

230 3329 401 3402 statuisse
427 3327 646 3402 videremur.

280 3443 356 3520 Sor.
382 3447 546 3522 Berolini
572 3475 686 3524 mens.
714 3448 831 3550 April.
859 3477 891 3523 a.
919 3449 1205 3528 MDCCCLXV.
