<?xml version="1.0" encoding="UTF-8"?>
<!DOCTYPE html PUBLIC "-//W3C//DTD XHTML 1.0 Transitional//EN"
    "http://www.w3.org/TR/xhtml1/DTD/xhtml1-transitional.dtd">
<html xmlns="http://www.w3.org/1999/xhtml" xml:lang="en" lang="en">
 <head>
  <title>
</title>
<meta http-equiv="Content-Type" content="text/html;charset=utf-8" />
  <meta name='ocr-system' content='tesseract 3.04.00' />
  <meta name='ocr-capabilities' content='ocr_page ocr_carea ocr_par ocr_line ocrx_word'/>
</head>
<body>
  <div class='ocr_page' id='page_1' title='image "./dearistotelisez00thomgoog_0286.png"; bbox 0 0 2950 5076; ppageno 0'>
   <div class='ocr_carea' id='block_1_1' title="bbox 689 416 919 482">
    <p class='ocr_par' dir='ltr' id='par_1_1' title="bbox 689 416 919 482">
     <span class='ocr_line' id='line_1_1' title="bbox 689 416 919 482; baseline 0.009 -16"><span class='ocrx_word' id='word_1_1' title='bbox 689 416 919 482; x_wconf 80' lang='grc'>..106-</span> 
     </span>
    </p>
   </div>
   <div class='ocr_carea' id='block_1_2' title="bbox 137 581 1385 2451">
    <p class='ocr_par' dir='ltr' id='par_1_2' title="bbox 137 581 1385 2451">
     <span class='ocr_line' id='line_1_2' title="bbox 222 581 1382 678; baseline 0.003 -24"><span class='ocrx_word' id='word_1_2' title='bbox 222 586 279 656; x_wconf 78' lang='lat' dir='ltr'><strong><em>noi</em></strong></span> <span class='ocrx_word' id='word_1_3' title='bbox 306 581 385 676; x_wconf 83' lang='grc' dir='ltr'><strong><em>ἡμῖν</em></strong></span> <span class='ocrx_word' id='word_1_4' title='bbox 411 587 523 656; x_wconf 85' lang='grc' dir='ltr'><strong><em>ντολλά</em></strong></span> <span class='ocrx_word' id='word_1_5' title='bbox 552 583 738 676; x_wconf 85' lang='grc' dir='ltr'><strong><em>ἀγνοεῖται,</em></strong></span> <span class='ocrx_word' id='word_1_6' title='bbox 772 589 858 674; x_wconf 72' lang='grc' dir='ltr'><strong><em>πρὸς</em></strong></span> <span class='ocrx_word' id='word_1_7' title='bbox 886 584 962 670; x_wconf 79' lang='grc' dir='ltr'><strong><em>ἑνὸς</em></strong></span> <span class='ocrx_word' id='word_1_8' title='bbox 989 583 1117 672; x_wconf 86' lang='grc' dir='ltr'><strong><em>κόσμου</em></strong></span> <span class='ocrx_word' id='word_1_9' title='bbox 1146 585 1382 678; x_wconf 82' lang='grc' dir='ltr'><strong><em>συμπλήρωσιν</em></strong></span> 
     </span>
     <span class='ocr_line' id='line_1_3' title="bbox 222 683 1383 789; baseline 0.004 -27"><span class='ocrx_word' id='word_1_10' title='bbox 222 695 277 764; x_wconf 82' lang='grc' dir='ltr'><strong><em>καὶ</em></strong></span> <span class='ocrx_word' id='word_1_11' title='bbox 301 693 516 785; x_wconf 75' lang='grc' dir='ltr'><strong><em>ἀπαρτισμὸν</em></strong></span> <span class='ocrx_word' id='word_1_12' title='bbox 537 698 594 764; x_wconf 85' lang='grc' dir='ltr'><strong><em>καὶ</em></strong></span> <span class='ocrx_word' id='word_1_13' title='bbox 615 698 654 766; x_wconf 81' lang='grc' dir='ltr'><strong><em>τὸ</em></strong></span> <span class='ocrx_word' id='word_1_14' title='bbox 677 699 781 768; x_wconf 82' lang='grc' dir='ltr'><strong><em>καλὸν</em></strong></span> <span class='ocrx_word' id='word_1_15' title='bbox 804 694 908 768; x_wconf 76' lang='grc' dir='ltr'><strong><em>αὐτοῦ</em></strong></span> <span class='ocrx_word' id='word_1_16' title='bbox 936 700 994 770; x_wconf 82' lang='grc' dir='ltr'><strong><em>καὶ</em></strong></span> <span class='ocrx_word' id='word_1_17' title='bbox 1020 694 1157 789; x_wconf 82' lang='grc' dir='ltr'><strong><em>ἀριστον</em></strong></span> <span class='ocrx_word' id='word_1_18' title='bbox 1178 701 1239 768; x_wconf 84' lang='grc' dir='ltr'><strong><em>καὶ</em></strong></span> <span class='ocrx_word' id='word_1_19' title='bbox 1260 693 1310 770; x_wconf 78' lang='lat' dir='ltr'><strong><em>cd.</em></strong></span> <span class='ocrx_word' id='word_1_20' title='bbox 1328 683 1383 768; x_wconf 83' lang='grc' dir='ltr'><strong><em>Ικαὶ</em></strong></span> 
     </span>
     <span class='ocr_line' id='line_1_4' title="bbox 137 803 1382 901; baseline 0.003 -27"><span class='ocrx_word' id='word_1_21' title='bbox 137 825 145 830; x_wconf 87' lang='grc'>·</span> <span class='ocrx_word' id='word_1_22' title='bbox 222 803 295 876; x_wconf 85' lang='grc' dir='ltr'><strong><em>τίνα</em></strong></span> <span class='ocrx_word' id='word_1_23' title='bbox 318 807 389 877; x_wconf 76' lang='grc' dir='ltr'><strong><em>ἐστὶ</em></strong></span> <span class='ocrx_word' id='word_1_24' title='bbox 410 809 452 876; x_wconf 78' lang='grc' dir='ltr'><strong><em>τοὶ</em></strong></span> <span class='ocrx_word' id='word_1_25' title='bbox 475 809 717 896; x_wconf 76' lang='grc' dir='ltr'><strong><em>συντεταγμένα</em></strong></span> <span class='ocrx_word' id='word_1_26' title='bbox 745 808 833 898; x_wconf 76' lang='grc' dir='ltr'><strong><em>πρὸς</em></strong></span> <span class='ocrx_word' id='word_1_27' title='bbox 861 810 919 900; x_wconf 91' lang='grc' dir='ltr'><strong><em>τῆν</em></strong></span> <span class='ocrx_word' id='word_1_28' title='bbox 947 815 1008 880; x_wconf 85' lang='grc' dir='ltr'><strong><em>τοῦ</em></strong></span> <span class='ocrx_word' id='word_1_29' title='bbox 1031 808 1112 880; x_wconf 83' lang='grc' dir='ltr'><strong><em>ὅλου</em></strong></span> <span class='ocrx_word' id='word_1_30' title='bbox 1134 809 1382 901; x_wconf 78' lang='grc' dir='ltr'><strong><em>συμπλήρωσιν,</em></strong></span> 
     </span>
     <span class='ocr_line' id='line_1_5' title="bbox 222 917 1383 1009; baseline 0.005 -25"><span class='ocrx_word' id='word_1_31' title='bbox 222 919 412 1007; x_wconf 77' lang='grc' dir='ltr'><strong><em>καταλέγει,</em></strong></span> <span class='ocrx_word' id='word_1_32' title='bbox 447 919 553 1008; x_wconf 83' lang='grc' dir='ltr'><strong><em>νιτηνά</em></strong></span> <span class='ocrx_word' id='word_1_33' title='bbox 585 921 704 988; x_wconf 80' lang='grc' dir='ltr'><strong><em>πλωτὰ</em></strong></span> <span class='ocrx_word' id='word_1_34' title='bbox 737 922 827 1009; x_wconf 86' lang='grc' dir='ltr'><strong><em>φυτά</em></strong></span> <span class='ocrx_word' id='word_1_35' title='bbox 854 922 912 990; x_wconf 80' lang='grc' dir='ltr'><strong><em>καὶ</em></strong></span> <span class='ocrx_word' id='word_1_36' title='bbox 937 922 980 989; x_wconf 76' lang='lat' dir='ltr'><strong><em>od</em></strong></span> <span class='ocrx_word' id='word_1_37' title='bbox 1010 917 1128 990; x_wconf 79' lang='grc' dir='ltr'><strong><em>λοιποῖ.</em></strong></span> <span class='ocrx_word' id='word_1_38' title='bbox 1165 917 1245 990; x_wconf 77' lang='grc' dir='ltr'><strong><em>ἀλλ’</em></strong></span> <span class='ocrx_word' id='word_1_39' title='bbox 1277 917 1308 989; x_wconf 80' lang='grc' dir='ltr'><strong><em>ελ</em></strong></span> <span class='ocrx_word' id='word_1_40' title='bbox 1332 921 1383 990; x_wconf 84' lang='grc' dir='ltr'><strong><em>καὶ</em></strong></span> 
     </span>
     <span class='ocr_line' id='line_1_6' title="bbox 223 1025 1384 1118; baseline 0.003 -22"><span class='ocrx_word' id='word_1_41' title='bbox 223 1025 334 1098; x_wconf 81' lang='grc' dir='ltr'><strong><em>πάντα</em></strong></span> <span class='ocrx_word' id='word_1_42' title='bbox 364 1025 499 1110; x_wconf 80' lang='grc' dir='ltr'><strong><em>πάντως</em></strong></span> <span class='ocrx_word' id='word_1_43' title='bbox 526 1032 688 1112; x_wconf 74' lang='grc' dir='ltr'><strong><em>συντελεῖ,</em></strong></span> <span class='ocrx_word' id='word_1_44' title='bbox 718 1026 797 1100; x_wconf 72' lang='grc' dir='ltr'><strong><em>ἀλλ’</em></strong></span> <span class='ocrx_word' id='word_1_45' title='bbox 823 1027 883 1118; x_wconf 84' lang='grc' dir='ltr'><strong><em>ούχ</em></strong></span> <span class='ocrx_word' id='word_1_46' title='bbox 906 1028 1033 1118; x_wconf 83' lang='grc' dir='ltr'><strong><em>ὁμοίως</em></strong></span> <span class='ocrx_word' id='word_1_47' title='bbox 1060 1030 1211 1113; x_wconf 76' lang='grc' dir='ltr'><strong><em>ἅπαντα,</em></strong></span> <span class='ocrx_word' id='word_1_48' title='bbox 1239 1027 1327 1102; x_wconf 83' lang='grc' dir='ltr'><strong><em>ἀλλά</em></strong></span> <span class='ocrx_word' id='word_1_49' title='bbox 1346 1031 1384 1100; x_wconf 85' lang='grc' dir='ltr'><strong><em>τὰ</em></strong></span> 
     </span>
     <span class='ocr_line' id='line_1_7' title="bbox 220 1131 1384 1234; baseline 0.004 -29"><span class='ocrx_word' id='word_1_50' title='bbox 220 1138 281 1224; x_wconf 77' lang='grc' dir='ltr'><strong><em>μὲν</em></strong></span> <span class='ocrx_word' id='word_1_51' title='bbox 302 1141 433 1224; x_wconf 81' lang='grc' dir='ltr'><strong><em>μᾶλλον</em></strong></span> <span class='ocrx_word' id='word_1_52' title='bbox 460 1140 501 1208; x_wconf 79' lang='lat' dir='ltr'><strong><em>od</em></strong></span> <span class='ocrx_word' id='word_1_53' title='bbox 529 1143 567 1212; x_wconf 81' lang='grc' dir='ltr'><strong><em>δέ</em></strong></span> <span class='ocrx_word' id='word_1_54' title='bbox 595 1131 703 1231; x_wconf 82' lang='grc' dir='ltr'><strong><em>ἧττον.</em></strong></span> <span class='ocrx_word' id='word_1_55' title='bbox 730 1142 901 1212; x_wconf 83' lang='grc' dir='ltr'><strong><em>τουτέστιν</em></strong></span> <span class='ocrx_word' id='word_1_56' title='bbox 922 1139 942 1234; x_wconf 87' lang='grc' dir='ltr'><strong><em>ῆ</em></strong></span> <span class='ocrx_word' id='word_1_57' title='bbox 967 1141 1070 1232; x_wconf 84' lang='grc' dir='ltr'><strong><em>φύσις</em></strong></span> <span class='ocrx_word' id='word_1_58' title='bbox 1092 1143 1149 1212; x_wconf 82' lang='grc' dir='ltr'><strong><em>καὶ</em></strong></span> <span class='ocrx_word' id='word_1_59' title='bbox 1171 1139 1190 1232; x_wconf 87' lang='grc' dir='ltr'><strong><em>ῆ</em></strong></span> <span class='ocrx_word' id='word_1_60' title='bbox 1216 1139 1301 1233; x_wconf 80' lang='grc' dir='ltr'><strong><em>ἀρχή</em></strong></span> <span class='ocrx_word' id='word_1_61' title='bbox 1324 1145 1384 1212; x_wconf 83' lang='grc' dir='ltr'><strong><em>τοῖν</em></strong></span> 
     </span>
     <span class='ocr_line' id='line_1_8' title="bbox 222 1246 1384 1343; baseline 0.003 -25"><span class='ocrx_word' id='word_1_62' title='bbox 222 1246 270 1330; x_wconf 82' lang='grc' dir='ltr'><strong><em>εἰς</em></strong></span> <span class='ocrx_word' id='word_1_63' title='bbox 290 1250 350 1339; x_wconf 87' lang='grc' dir='ltr'><strong><em>τῆν</em></strong></span> <span class='ocrx_word' id='word_1_64' title='bbox 371 1255 432 1319; x_wconf 81' lang='grc' dir='ltr'><strong><em>τοῦ</em></strong></span> <span class='ocrx_word' id='word_1_65' title='bbox 455 1249 537 1320; x_wconf 79' lang='grc' dir='ltr'><strong><em>ὅλου</em></strong></span> <span class='ocrx_word' id='word_1_66' title='bbox 559 1249 664 1340; x_wconf 90' lang='grc' dir='ltr'><strong><em>φύσιν</em></strong></span> <span class='ocrx_word' id='word_1_67' title='bbox 687 1249 931 1322; x_wconf 87' lang='grc' dir='ltr'><strong><em>συντεινόντων.</em></strong></span> <span class='ocrx_word' id='word_1_68' title='bbox 956 1254 1012 1322; x_wconf 82' lang='grc' dir='ltr'><strong><em>καὶ</em></strong></span> <span class='ocrx_word' id='word_1_69' title='bbox 1029 1248 1068 1322; x_wconf 84' lang='grc' dir='ltr'><strong><em>οὗ</em></strong></span> <span class='ocrx_word' id='word_1_70' title='bbox 1087 1252 1178 1343; x_wconf 83' lang='grc' dir='ltr'><strong><em>λέγει</em></strong></span> <span class='ocrx_word' id='word_1_71' title='bbox 1200 1255 1283 1343; x_wconf 83' lang='grc' dir='ltr'><strong><em>περὶ</em></strong></span> <span class='ocrx_word' id='word_1_72' title='bbox 1305 1250 1384 1322; x_wconf 79' lang='grc' dir='ltr'><strong><em>τεάν-</em></strong></span> 
     </span>
     <span class='ocr_line' id='line_1_9' title="bbox 221 1355 1383 1456; baseline 0.002 -28"><span class='ocrx_word' id='word_1_73' title='bbox 221 1385 287 1428; x_wconf 88' lang='grc' dir='ltr'><strong><em>των</em></strong></span> <span class='ocrx_word' id='word_1_74' title='bbox 309 1355 425 1442; x_wconf 81' lang='grc' dir='ltr'><strong><em>ἀτελεῖς</em></strong></span> <span class='ocrx_word' id='word_1_75' title='bbox 447 1366 513 1443; x_wconf 83' lang='grc' dir='ltr'><strong><em>νῦν,</em></strong></span> <span class='ocrx_word' id='word_1_76' title='bbox 544 1360 632 1432; x_wconf 87' lang='grc' dir='ltr'><strong><em>ἀλλά</em></strong></span> <span class='ocrx_word' id='word_1_77' title='bbox 654 1365 818 1454; x_wconf 76' lang='grc' dir='ltr'><strong><em>περὶτῶν</em></strong></span> <span class='ocrx_word' id='word_1_78' title='bbox 840 1361 876 1434; x_wconf 79' lang='grc' dir='ltr'><strong><em>ἀν</em></strong></span> <span class='ocrx_word' id='word_1_79' title='bbox 898 1364 1025 1452; x_wconf 86' lang='grc' dir='ltr'><strong><em>γενέσει</em></strong></span> <span class='ocrx_word' id='word_1_80' title='bbox 1048 1357 1152 1434; x_wconf 80' lang='grc' dir='ltr'><strong><em>ύντιον</em></strong></span> <span class='ocrx_word' id='word_1_81' title='bbox 1175 1365 1236 1434; x_wconf 82' lang='grc' dir='ltr'><strong><em>καὶ</em></strong></span> <span class='ocrx_word' id='word_1_82' title='bbox 1259 1366 1383 1456; x_wconf 76' lang='grc' dir='ltr'><strong><em>φθορᾷ.</em></strong></span> 
     </span>
     <span class='ocr_line' id='line_1_10' title="bbox 220 1464 1385 1565; baseline 0.002 -27"><span class='ocrx_word' id='word_1_83' title='bbox 220 1467 240 1560; x_wconf 86' lang='grc' dir='ltr'><strong><em>ῆ</em></strong></span> <span class='ocrx_word' id='word_1_84' title='bbox 265 1465 368 1561; x_wconf 80' lang='grc' dir='ltr'><strong><em>φύσις</em></strong></span> <span class='ocrx_word' id='word_1_85' title='bbox 390 1464 451 1541; x_wconf 85' lang='grc' dir='ltr'><strong><em>οάν</em></strong></span> <span class='ocrx_word' id='word_1_86' title='bbox 473 1474 531 1541; x_wconf 78' lang='grc' dir='ltr'><strong><em>καὶ</em></strong></span> <span class='ocrx_word' id='word_1_87' title='bbox 552 1470 635 1565; x_wconf 80' lang='grc' dir='ltr'><strong><em>ἀρχή</em></strong></span> <span class='ocrx_word' id='word_1_88' title='bbox 657 1473 785 1542; x_wconf 86' lang='grc' dir='ltr'><strong><em>τούτων</em></strong></span> <span class='ocrx_word' id='word_1_89' title='bbox 813 1472 953 1565; x_wconf 79' lang='grc' dir='ltr'><strong><em>τοιαύτη</em></strong></span> <span class='ocrx_word' id='word_1_90' title='bbox 983 1475 1133 1565; x_wconf 84' lang='lat' dir='ltr'><strong>[Recedit</strong></span> <span class='ocrx_word' id='word_1_91' title='bbox 1163 1476 1216 1544; x_wconf 87' lang='lat' dir='ltr'><strong><em>hio</em></strong></span> <span class='ocrx_word' id='word_1_92' title='bbox 1240 1502 1261 1543; x_wconf 90' lang='lat' dir='ltr'><strong>a</strong></span> <span class='ocrx_word' id='word_1_93' title='bbox 1283 1476 1385 1544; x_wconf 87' lang='lat' dir='ltr'><strong>verbis</strong></span> 
     </span>
     <span class='ocr_line' id='line_1_11' title="bbox 221 1583 1384 1678; baseline 0.003 -30"><span class='ocrx_word' id='word_1_94' title='bbox 221 1583 406 1652; x_wconf 84' lang='lat' dir='ltr'><strong>Aristotelis</strong></span> <span class='ocrx_word' id='word_1_95' title='bbox 434 1609 519 1673; x_wconf 87' lang='lat' dir='ltr'><strong>quce</strong></span> <span class='ocrx_word' id='word_1_96' title='bbox 547 1587 581 1652; x_wconf 92' lang='lat' dir='ltr'><strong><em>in</em></strong></span> <span class='ocrx_word' id='word_1_97' title='bbox 611 1587 777 1654; x_wconf 72' lang='lat' dir='ltr'><strong>codicibus</strong></span> <span class='ocrx_word' id='word_1_98' title='bbox 799 1588 1005 1676; x_wconf 87' lang='lat' dir='ltr'><strong>reperiuntur</strong></span> <span class='ocrx_word' id='word_1_99' title='bbox 1027 1597 1125 1674; x_wconf 81' lang='lat' dir='ltr'><strong>etque</strong></span> <span class='ocrx_word' id='word_1_100' title='bbox 1147 1586 1384 1678; x_wconf 82' lang='lat' dir='ltr'><strong>interpretatur,</strong></span> 
     </span>
     <span class='ocr_line' id='line_1_12' title="bbox 222 1691 1385 1787; baseline 0.008 -31"><span class='ocrx_word' id='word_1_101' title='bbox 222 1693 314 1780; x_wconf 83' lang='lat' dir='ltr'><strong>quasi</strong></span> <span class='ocrx_word' id='word_1_102' title='bbox 335 1694 465 1782; x_wconf 84' lang='lat' dir='ltr'><strong>legerit:</strong></span> <span class='ocrx_word' id='word_1_103' title='bbox 487 1691 625 1785; x_wconf 75' lang='grc' dir='ltr'><strong><em>τοιαύτη</em></strong></span> <span class='ocrx_word' id='word_1_104' title='bbox 647 1697 709 1786; x_wconf 86' lang='grc' dir='ltr'><strong><em>γάρ</em></strong></span> <span class='ocrx_word' id='word_1_105' title='bbox 732 1693 874 1766; x_wconf 72' lang='grc' dir='ltr'><strong><em>ἑκάστου</em></strong></span> <span class='ocrx_word' id='word_1_106' title='bbox 896 1692 916 1787; x_wconf 70' lang='lat' dir='ltr'><strong><em>&#39;l</em></strong></span> <span class='ocrx_word' id='word_1_107' title='bbox 941 1693 1022 1786; x_wconf 80' lang='grc' dir='ltr'><strong><em>ἀρχή</em></strong></span> <span class='ocrx_word' id='word_1_108' title='bbox 1046 1691 1157 1765; x_wconf 86' lang='grc' dir='ltr'><strong><em>αύτοῖν</em></strong></span> <span class='ocrx_word' id='word_1_109' title='bbox 1177 1697 1236 1764; x_wconf 87' lang='grc' dir='ltr'><strong><em>καὶ</em></strong></span> <span class='ocrx_word' id='word_1_110' title='bbox 1252 1692 1272 1786; x_wconf 86' lang='grc' dir='ltr'><strong><em>ῆ</em></strong></span> <span class='ocrx_word' id='word_1_111' title='bbox 1290 1692 1385 1786; x_wconf 87' lang='grc' dir='ltr'><strong><em>φύσις</em></strong></span> 
     </span>
     <span class='ocr_line' id='line_1_13' title="bbox 222 1799 1385 1898; baseline 0.001 -28"><span class='ocrx_word' id='word_1_112' title='bbox 222 1799 320 1870; x_wconf 70' lang='grc' dir='ltr'><strong><em>ἐστίν.</em></strong></span> <span class='ocrx_word' id='word_1_113' title='bbox 353 1802 421 1871; x_wconf 82' lang='lat' dir='ltr'><strong>Sed</strong></span> <span class='ocrx_word' id='word_1_114' title='bbox 437 1805 469 1874; x_wconf 92' lang='lat' dir='ltr'><strong><em>id</em></strong></span> <span class='ocrx_word' id='word_1_115' title='bbox 485 1808 610 1876; x_wconf 87' lang='lat' dir='ltr'><strong>levitati</strong></span> <span class='ocrx_word' id='word_1_116' title='bbox 633 1833 703 1876; x_wconf 85' lang='lat' dir='ltr'><strong>esse</strong></span> <span class='ocrx_word' id='word_1_117' title='bbox 725 1810 932 1876; x_wconf 85' lang='lat' dir='ltr'><strong>tribuendum</strong></span> <span class='ocrx_word' id='word_1_118' title='bbox 955 1809 1091 1891; x_wconf 86' lang='lat' dir='ltr'><strong>videtur,</strong></span> <span class='ocrx_word' id='word_1_119' title='bbox 1116 1831 1181 1898; x_wconf 81' lang='lat' dir='ltr'><strong><em>qua</em></strong></span> <span class='ocrx_word' id='word_1_120' title='bbox 1202 1807 1385 1896; x_wconf 84' lang='lat' dir='ltr'><strong>interpretis</strong></span> 
     </span>
     <span class='ocr_line' id='line_1_14' title="bbox 222 1908 1385 2008; baseline 0.003 -28"><span class='ocrx_word' id='word_1_121' title='bbox 222 1937 355 1982; x_wconf 89' lang='lat' dir='ltr'><strong>munere</strong></span> <span class='ocrx_word' id='word_1_122' title='bbox 377 1917 506 1984; x_wconf 88' lang='lat' dir='ltr'><strong>functus</strong></span> <span class='ocrx_word' id='word_1_123' title='bbox 530 1918 603 2007; x_wconf 75' lang='lat' dir='ltr'><strong>cell,</strong></span> <span class='ocrx_word' id='word_1_124' title='bbox 632 1918 690 1986; x_wconf 85' lang='grc' dir='ltr'><strong><em>καὶ</em></strong></span> <span class='ocrx_word' id='word_1_125' title='bbox 710 1915 864 2007; x_wconf 76' lang='grc' dir='ltr'><strong><em>ποδαπή,</em></strong></span> <span class='ocrx_word' id='word_1_126' title='bbox 888 1915 1021 2001; x_wconf 80' lang='grc' dir='ltr'><strong><em>ἐπάγει,</em></strong></span> <span class='ocrx_word' id='word_1_127' title='bbox 1049 1919 1159 2008; x_wconf 60' lang='grc' dir='ltr'><strong><em>,λέγω</em></strong></span> <span class='ocrx_word' id='word_1_128' title='bbox 1182 1914 1218 1986; x_wconf 82' lang='grc' dir='ltr'><strong><em>δ’</em></strong></span> <span class='ocrx_word' id='word_1_129' title='bbox 1245 1908 1320 1988; x_wconf 78' lang='grc' dir='ltr'><strong><em>οἷον</em></strong></span> <span class='ocrx_word' id='word_1_130' title='bbox 1340 1911 1385 1995; x_wconf 78' lang='grc' dir='ltr'><strong><em>οῖς</em></strong></span> 
     </span>
     <span class='ocr_line' id='line_1_15' title="bbox 222 2021 1383 2119; baseline 0.002 -27"><span class='ocrx_word' id='word_1_131' title='bbox 222 2049 259 2111; x_wconf 88' lang='grc' dir='ltr'><strong><em>γε</em></strong></span> <span class='ocrx_word' id='word_1_132' title='bbox 280 2025 318 2092; x_wconf 83' lang='grc' dir='ltr'><strong><em>τὸ</em></strong></span> <span class='ocrx_word' id='word_1_133' title='bbox 342 2028 564 2116; x_wconf 76' lang='grc' dir='ltr'><strong><em>διακριθῆναι</em></strong></span> <span class='ocrx_word' id='word_1_134' title='bbox 586 2026 711 2119; x_wconf 79' lang='grc' dir='ltr'><strong><em>ἀνάγκη</em></strong></span> <span class='ocrx_word' id='word_1_135' title='bbox 738 2029 869 2098; x_wconf 76' lang='lat' dir='ltr'><strong>donoro</strong></span> <span class='ocrx_word' id='word_1_136' title='bbox 899 2029 1046 2112; x_wconf 82' lang='grc' dir='ltr'><strong><em>έλθεῖν,“</em></strong></span> <span class='ocrx_word' id='word_1_137' title='bbox 1069 2029 1244 2098; x_wconf 83' lang='grc' dir='ltr'><strong><em>τουτέστιν</em></strong></span> <span class='ocrx_word' id='word_1_138' title='bbox 1266 2021 1383 2112; x_wconf 82' lang='grc' dir='ltr'><strong><em>ἀνάγκη</em></strong></span> 
     </span>
     <span class='ocr_line' id='line_1_16' title="bbox 223 2125 1382 2230; baseline 0.001 -27"><span class='ocrx_word' id='word_1_139' title='bbox 223 2133 334 2204; x_wconf 80' lang='grc' dir='ltr'><strong><em>ἅπασι</em></strong></span> <span class='ocrx_word' id='word_1_140' title='bbox 355 2142 425 2218; x_wconf 89' lang='grc' dir='ltr'><strong><em>τοῖς</em></strong></span> <span class='ocrx_word' id='word_1_141' title='bbox 440 2125 475 2206; x_wconf 82' lang='grc' dir='ltr'><strong><em>έν</em></strong></span> <span class='ocrx_word' id='word_1_142' title='bbox 490 2138 616 2226; x_wconf 81' lang='grc' dir='ltr'><strong><em>γενέσει</em></strong></span> <span class='ocrx_word' id='word_1_143' title='bbox 639 2142 734 2230; x_wconf 86' lang='grc' dir='ltr'><strong><em>(περὶ</em></strong></span> <span class='ocrx_word' id='word_1_144' title='bbox 748 2139 811 2230; x_wconf 84' lang='grc' dir='ltr'><strong><em>γάρ</em></strong></span> <span class='ocrx_word' id='word_1_145' title='bbox 825 2136 952 2208; x_wconf 87' lang='grc' dir='ltr'><strong><em>τούτων</em></strong></span> <span class='ocrx_word' id='word_1_146' title='bbox 967 2143 1034 2222; x_wconf 83' lang='grc' dir='ltr'><strong><em>νύν,</em></strong></span> <span class='ocrx_word' id='word_1_147' title='bbox 1058 2136 1104 2220; x_wconf 80' lang='grc' dir='ltr'><strong><em>ὡς</em></strong></span> <span class='ocrx_word' id='word_1_148' title='bbox 1119 2136 1263 2228; x_wconf 74' lang='grc' dir='ltr'><strong><em>εἴρηται,</em></strong></span> <span class='ocrx_word' id='word_1_149' title='bbox 1288 2135 1382 2224; x_wconf 77' lang='grc' dir='ltr'><strong><em>λέγει]</em></strong></span> 
     </span>
     <span class='ocr_line' id='line_1_17' title="bbox 223 2242 1383 2342; baseline -0.002 -26"><span class='ocrx_word' id='word_1_150' title='bbox 223 2247 338 2317; x_wconf 74' lang='grc' dir='ltr'><strong><em>ἐλθεῖν</em></strong></span> <span class='ocrx_word' id='word_1_151' title='bbox 360 2246 408 2329; x_wconf 84' lang='grc' dir='ltr'><strong><em>εἶς</em></strong></span> <span class='ocrx_word' id='word_1_152' title='bbox 428 2248 468 2316; x_wconf 85' lang='grc' dir='ltr'><strong><em>τὸ</em></strong></span> <span class='ocrx_word' id='word_1_153' title='bbox 492 2253 711 2342; x_wconf 82' lang='grc' dir='ltr'><strong><em>διακριθῆναι</em></strong></span> <span class='ocrx_word' id='word_1_154' title='bbox 718 2303 727 2335; x_wconf 94' lang='grc'><strong><em>,</em></strong></span> <span class='ocrx_word' id='word_1_155' title='bbox 751 2245 831 2340; x_wconf 85' lang='grc' dir='ltr'><strong><em>ήτοι</em></strong></span> <span class='ocrx_word' id='word_1_156' title='bbox 852 2243 936 2319; x_wconf 82' lang='grc' dir='ltr'><strong><em>ἀλλο</em></strong></span> <span class='ocrx_word' id='word_1_157' title='bbox 960 2250 997 2331; x_wconf 80' lang='grc' dir='ltr'><strong><em>ἐξ</em></strong></span> <span class='ocrx_word' id='word_1_158' title='bbox 1018 2243 1123 2319; x_wconf 81' lang='grc' dir='ltr'><strong><em>ἀλλον</em></strong></span> <span class='ocrx_word' id='word_1_159' title='bbox 1145 2249 1319 2337; x_wconf 82' lang='grc' dir='ltr'><strong><em>γενέσθαι</em></strong></span> <span class='ocrx_word' id='word_1_160' title='bbox 1341 2242 1383 2326; x_wconf 77' lang='grc' dir='ltr'><strong><em>εἰς</em></strong></span> 
     </span>
     <span class='ocr_line' id='line_1_18' title="bbox 222 2356 1382 2451; baseline -0.001 -25"><span class='ocrx_word' id='word_1_161' title='bbox 222 2363 322 2428; x_wconf 85' lang='grc' dir='ltr'><strong><em>τούτο</em></strong></span> <span class='ocrx_word' id='word_1_162' title='bbox 344 2360 406 2448; x_wconf 84' lang='grc' dir='ltr'><strong><em>γάρ</em></strong></span> <span class='ocrx_word' id='word_1_163' title='bbox 430 2362 597 2449; x_wconf 85' lang='grc' dir='ltr'><strong><em>συνῆλθεν</em></strong></span> <span class='ocrx_word' id='word_1_164' title='bbox 612 2358 632 2450; x_wconf 84' lang='grc' dir='ltr'><em>ἡ</em></span> <span class='ocrx_word' id='word_1_165' title='bbox 650 2359 752 2451; x_wconf 84' lang='grc' dir='ltr'><strong><em>φύσις</em></strong></span> <span class='ocrx_word' id='word_1_166' title='bbox 765 2366 831 2429; x_wconf 82' lang='grc' dir='ltr'><strong><em>ταῖν</em></strong></span> <span class='ocrx_word' id='word_1_167' title='bbox 854 2361 889 2431; x_wconf 78' lang='grc' dir='ltr'><strong><em>ἐν</em></strong></span> <span class='ocrx_word' id='word_1_168' title='bbox 911 2362 1047 2449; x_wconf 82' lang='grc' dir='ltr'><strong><em>γενέσει,</em></strong></span> <span class='ocrx_word' id='word_1_169' title='bbox 1069 2361 1128 2431; x_wconf 84' lang='grc' dir='ltr'><strong><em>καὶ</em></strong></span> <span class='ocrx_word' id='word_1_170' title='bbox 1148 2365 1252 2430; x_wconf 82' lang='grc' dir='ltr'><strong><em>τούτο</em></strong></span> <span class='ocrx_word' id='word_1_171' title='bbox 1277 2356 1382 2435; x_wconf 85' lang='grc' dir='ltr'><strong><em>αύτοῖς</em></strong></span> 
     </span>
    </p>
   </div>
   <div class='ocr_carea' id='block_1_3' title="bbox 222 2467 1453 2558">
    <p class='ocr_par' dir='ltr' id='par_1_3' title="bbox 222 2467 1453 2558">
     <span class='ocr_line' id='line_1_19' title="bbox 222 2467 1453 2558; baseline -0.002 -21"><span class='ocrx_word' id='word_1_172' title='bbox 222 2467 344 2552; x_wconf 85' lang='grc' dir='ltr'><strong><em>κοινόν,</em></strong></span> <span class='ocrx_word' id='word_1_173' title='bbox 371 2470 410 2538; x_wconf 81' lang='grc' dir='ltr'><strong><em>τὸ</em></strong></span> <span class='ocrx_word' id='word_1_174' title='bbox 433 2469 592 2558; x_wconf 83' lang='grc' dir='ltr'><strong><em>γίνεσθαι</em></strong></span> <span class='ocrx_word' id='word_1_175' title='bbox 619 2469 731 2542; x_wconf 82' lang='grc' dir='ltr'><strong><em>πάντα</em></strong></span> <span class='ocrx_word' id='word_1_176' title='bbox 754 2473 789 2544; x_wconf 72' lang='lat' dir='ltr'><strong><em>tn</em></strong></span> <span class='ocrx_word' id='word_1_177' title='bbox 811 2469 956 2554; x_wconf 77' lang='grc' dir='ltr'><strong><em>πάντων,</em></strong></span> <span class='ocrx_word' id='word_1_178' title='bbox 986 2472 1023 2542; x_wconf 89' lang='grc' dir='ltr'><strong><em>έκ</em></strong></span> <span class='ocrx_word' id='word_1_179' title='bbox 1044 2469 1218 2557; x_wconf 77' lang='grc' dir='ltr'><strong><em>στοιχείων</em></strong></span> <span class='ocrx_word' id='word_1_180' title='bbox 1240 2468 1381 2542; x_wconf 88' lang='grc' dir='ltr'><strong><em>σύνθετα</em></strong></span> <span class='ocrx_word' id='word_1_181' title='bbox 1452 2489 1453 2520; x_wconf 68' lang='lat'>³</span> 
     </span>
    </p>
   </div>
   <div class='ocr_carea' id='block_1_4' title="bbox 220 2577 1450 3344">
    <p class='ocr_par' dir='ltr' id='par_1_4' title="bbox 220 2577 1452 3371">
     <span class='ocr_line' id='line_1_20' title="bbox 222 2577 1380 2674; baseline -0.002 -26"><span class='ocrx_word' id='word_1_182' title='bbox 222 2583 279 2650; x_wconf 81' lang='lat' dir='ltr'><strong>uel</strong></span> <span class='ocrx_word' id='word_1_183' title='bbox 305 2581 340 2650; x_wconf 78' lang='grc' dir='ltr'><strong><em>ἐκ</em></strong></span> <span class='ocrx_word' id='word_1_184' title='bbox 369 2584 542 2652; x_wconf 85' lang='grc' dir='ltr'><strong><em>συνθέτων</em></strong></span> <span class='ocrx_word' id='word_1_185' title='bbox 571 2590 720 2668; x_wconf 85' lang='grc' dir='ltr'><strong><em>στοιχεῖα</em></strong></span> <span class='ocrx_word' id='word_1_186' title='bbox 747 2579 851 2653; x_wconf 83' lang='grc' dir='ltr'><strong><em>ἀλλον</em></strong></span> <span class='ocrx_word' id='word_1_187' title='bbox 880 2581 1020 2674; x_wconf 82' lang='grc' dir='ltr'><strong><em>τρόπον.</em></strong></span> <span class='ocrx_word' id='word_1_188' title='bbox 1049 2581 1135 2654; x_wconf 81' lang='grc' dir='ltr'><strong><em>ὥστε</em></strong></span> <span class='ocrx_word' id='word_1_189' title='bbox 1166 2580 1324 2674; x_wconf 84' lang='grc' dir='ltr'><strong><em>δηλονότι</em></strong></span> <span class='ocrx_word' id='word_1_190' title='bbox 1344 2577 1380 2646; x_wconf 77' lang='lat' dir='ltr'><strong><em>ad</em></strong></span> 
     </span>
     <span class='ocr_line' id='line_1_21' title="bbox 223 2692 1380 2784; baseline -0.005 -20"><span class='ocrx_word' id='word_1_191' title='bbox 223 2693 257 2764; x_wconf 85' lang='grc' dir='ltr'><strong><em>έν</em></strong></span> <span class='ocrx_word' id='word_1_192' title='bbox 284 2693 412 2783; x_wconf 86' lang='grc' dir='ltr'><strong><em>γενέσει</em></strong></span> <span class='ocrx_word' id='word_1_193' title='bbox 439 2693 574 2766; x_wconf 73' lang='grc' dir='ltr'><strong><em>ἅπαντα</em></strong></span> <span class='ocrx_word' id='word_1_194' title='bbox 600 2697 713 2767; x_wconf 84' lang='grc' dir='ltr'><strong><em>κοινὸν</em></strong></span> <span class='ocrx_word' id='word_1_195' title='bbox 741 2693 873 2781; x_wconf 73' lang='grc' dir='ltr'><strong><em>ἔχουσιν</em></strong></span> <span class='ocrx_word' id='word_1_196' title='bbox 906 2696 945 2765; x_wconf 81' lang='grc' dir='ltr'><strong><em>τὰ</em></strong></span> <span class='ocrx_word' id='word_1_197' title='bbox 973 2695 1010 2778; x_wconf 86' lang='grc' dir='ltr'><strong><em>έξ</em></strong></span> <span class='ocrx_word' id='word_1_198' title='bbox 1035 2692 1191 2784; x_wconf 88' lang='grc' dir='ltr'><strong><em>ἀλλήλων</em></strong></span> <span class='ocrx_word' id='word_1_199' title='bbox 1218 2693 1380 2783; x_wconf 85' lang='grc' dir='ltr'><strong><em>γίνεσθαι.</em></strong></span> 
     </span>
     <span class='ocr_line' id='line_1_22' title="bbox 224 2801 1380 2898; baseline -0.003 -24"><span class='ocrx_word' id='word_1_200' title='bbox 224 2802 330 2874; x_wconf 64' lang='lat' dir='ltr'><strong>clads</strong></span> <span class='ocrx_word' id='word_1_201' title='bbox 352 2808 390 2875; x_wconf 82' lang='grc' dir='ltr'><strong><em>δὲ</em></strong></span> <span class='ocrx_word' id='word_1_202' title='bbox 407 2804 460 2880; x_wconf 80' lang='grc' dir='ltr'><strong><em>ὅτι</em></strong></span> <span class='ocrx_word' id='word_1_203' title='bbox 474 2807 516 2875; x_wconf 78' lang='grc' dir='ltr'><strong><em>τοὶ</em></strong></span> <span class='ocrx_word' id='word_1_204' title='bbox 533 2806 570 2890; x_wconf 78' lang='grc' dir='ltr'><strong><em>ἐξ</em></strong></span> <span class='ocrx_word' id='word_1_205' title='bbox 583 2804 748 2898; x_wconf 87' lang='grc' dir='ltr'><strong><em>ἀλλήλων,</em></strong></span> <span class='ocrx_word' id='word_1_206' title='bbox 770 2804 892 2893; x_wconf 77' lang='grc' dir='ltr'><strong><em>ἐπάγει</em></strong></span> <span class='ocrx_word' id='word_1_207' title='bbox 913 2808 993 2888; x_wconf 59' lang='grc' dir='ltr'><strong><em>,καὶ</em></strong></span> <span class='ocrx_word' id='word_1_208' title='bbox 1014 2801 1271 2888; x_wconf 80' lang='grc' dir='ltr'><strong><em>ἀλλα-ὅλον,“</em></strong></span> <span class='ocrx_word' id='word_1_209' title='bbox 1293 2824 1380 2872; x_wconf 83' lang='grc' dir='ltr'><strong><em>τουτ-</em></strong></span> 
     </span>
     <span class='ocr_line' id='line_1_23' title="bbox 221 2908 1380 3006; baseline -0.006 -19"><span class='ocrx_word' id='word_1_210' title='bbox 221 2917 312 2987; x_wconf 86' lang='grc' dir='ltr'><strong><em>έστιν</em></strong></span> <span class='ocrx_word' id='word_1_211' title='bbox 342 2913 382 2987; x_wconf 84' lang='grc' dir='ltr'><strong><em>ού</em></strong></span> <span class='ocrx_word' id='word_1_212' title='bbox 409 2916 512 3004; x_wconf 88' lang='grc' dir='ltr'><strong><em>μόνον</em></strong></span> <span class='ocrx_word' id='word_1_213' title='bbox 539 2918 624 2988; x_wconf 86' lang='grc' dir='ltr'><strong><em>κοτά</em></strong></span> <span class='ocrx_word' id='word_1_214' title='bbox 658 2919 696 2986; x_wconf 85' lang='grc' dir='ltr'><strong><em>τὸ</em></strong></span> <span class='ocrx_word' id='word_1_215' title='bbox 731 2915 889 3006; x_wconf 82' lang='grc' dir='ltr'><strong><em>γίνεσθαι</em></strong></span> <span class='ocrx_word' id='word_1_216' title='bbox 916 2915 954 3000; x_wconf 75' lang='grc' dir='ltr'><strong><em>ἐξ</em></strong></span> <span class='ocrx_word' id='word_1_217' title='bbox 978 2913 1132 3006; x_wconf 89' lang='grc' dir='ltr'><strong><em>ἀλλήλων</em></strong></span> <span class='ocrx_word' id='word_1_218' title='bbox 1159 2920 1315 2986; x_wconf 87' lang='grc' dir='ltr'><strong><em>κοινωνεῖ</em></strong></span> <span class='ocrx_word' id='word_1_219' title='bbox 1339 2908 1380 2991; x_wconf 80' lang='grc' dir='ltr'><strong><em>εἷς</em></strong></span> 
     </span>
     <span class='ocr_line' id='line_1_24' title="bbox 222 3018 1379 3122; baseline -0.004 -21"><span class='ocrx_word' id='word_1_220' title='bbox 222 3029 464 3122; x_wconf 77' lang='grc' dir='ltr'><strong><em>συμπλήρωσιν</em></strong></span> <span class='ocrx_word' id='word_1_221' title='bbox 491 3035 551 3098; x_wconf 86' lang='grc' dir='ltr'><strong><em>τού</em></strong></span> <span class='ocrx_word' id='word_1_222' title='bbox 576 3030 672 3112; x_wconf 82' lang='grc' dir='ltr'><strong><em>ὅλου,</em></strong></span> <span class='ocrx_word' id='word_1_223' title='bbox 700 3025 867 3099; x_wconf 80' lang='grc' dir='ltr'><strong><em>ἀλλὰκαὶ</em></strong></span> <span class='ocrx_word' id='word_1_224' title='bbox 894 3031 979 3098; x_wconf 81' lang='grc' dir='ltr'><strong><em>κατὰ</em></strong></span> <span class='ocrx_word' id='word_1_225' title='bbox 1001 3027 1044 3096; x_wconf 81' lang='grc' dir='ltr'><strong><em>τὰ</em></strong></span> <span class='ocrx_word' id='word_1_226' title='bbox 1067 3022 1171 3110; x_wconf 80' lang='grc' dir='ltr'><strong><em>ἀλλα,</em></strong></span> <span class='ocrx_word' id='word_1_227' title='bbox 1201 3018 1277 3098; x_wconf 81' lang='grc' dir='ltr'><strong><em>οἷον</em></strong></span> <span class='ocrx_word' id='word_1_228' title='bbox 1302 3019 1379 3114; x_wconf 66' lang='lat' dir='ltr'><strong>xped-</strong></span> 
     </span>
     <span class='ocr_line' id='line_1_25' title="bbox 220 3134 1450 3234; baseline -0.007 -24"><span class='ocrx_word' id='word_1_229' title='bbox 220 3169 326 3228; x_wconf 85' lang='grc' dir='ltr'><strong><em>ματα,</em></strong></span> <span class='ocrx_word' id='word_1_230' title='bbox 356 3139 525 3233; x_wconf 89' lang='grc' dir='ltr'><strong><em>σχήματα,</em></strong></span> <span class='ocrx_word' id='word_1_231' title='bbox 553 3144 700 3232; x_wconf 88' lang='grc' dir='ltr'><strong><em>μεγέθη,</em></strong></span> <span class='ocrx_word' id='word_1_232' title='bbox 730 3146 837 3211; x_wconf 83' lang='grc' dir='ltr'><strong><em>ταῦτα</em></strong></span> <span class='ocrx_word' id='word_1_233' title='bbox 870 3142 932 3232; x_wconf 85' lang='grc' dir='ltr'><strong><em>γάρ</em></strong></span> <span class='ocrx_word' id='word_1_234' title='bbox 955 3137 1066 3209; x_wconf 82' lang='grc' dir='ltr'><strong><em>πάντα</em></strong></span> <span class='ocrx_word' id='word_1_235' title='bbox 1088 3143 1239 3210; x_wconf 87' lang='grc' dir='ltr'><strong><em>συντελεῖ</em></strong></span> <span class='ocrx_word' id='word_1_236' title='bbox 1261 3136 1308 3220; x_wconf 79' lang='grc' dir='ltr'><strong><em>εἰς</em></strong></span> <span class='ocrx_word' id='word_1_237' title='bbox 1326 3134 1379 3222; x_wconf 87' lang='grc' dir='ltr'><strong><em>τήν</em></strong></span> <span class='ocrx_word' id='word_1_238' title='bbox 1449 3211 1450 3234; x_wconf 28' lang='lat'>1</span> 
     </span>
     <span class='ocr_line' id='line_1_26' title="bbox 223 3243 1379 3344; baseline -0.002 -22"><span class='ocrx_word' id='word_1_239' title='bbox 223 3259 284 3322; x_wconf 82' lang='grc' dir='ltr'><strong><em>τοῦ</em></strong></span> <span class='ocrx_word' id='word_1_240' title='bbox 306 3253 388 3324; x_wconf 83' lang='grc' dir='ltr'><strong><em>ὅλου</em></strong></span> <span class='ocrx_word' id='word_1_241' title='bbox 411 3251 524 3344; x_wconf 89' lang='grc' dir='ltr'><strong><em>φύσιν.</em></strong></span> <span class='ocrx_word' id='word_1_242' title='bbox 550 3250 649 3324; x_wconf 79' lang='grc' dir='ltr'><strong><em>οὐδέν</em></strong></span> <span class='ocrx_word' id='word_1_243' title='bbox 670 3252 733 3343; x_wconf 89' lang='grc' dir='ltr'><strong><em>γάρ</em></strong></span> <span class='ocrx_word' id='word_1_244' title='bbox 757 3249 923 3340; x_wconf 79' lang='grc' dir='ltr'><strong><em>αἰσθητὸν</em></strong></span> <span class='ocrx_word' id='word_1_245' title='bbox 942 3251 1041 3342; x_wconf 81' lang='grc' dir='ltr'><strong><em>χωρὶς</em></strong></span> <span class='ocrx_word' id='word_1_246' title='bbox 1054 3253 1223 3340; x_wconf 83' lang='grc' dir='ltr'><strong><em>μεγέθους</em></strong></span> <span class='ocrx_word' id='word_1_247' title='bbox 1238 3252 1296 3321; x_wconf 77' lang='grc' dir='ltr'><strong><em>καὶ</em></strong></span> <span class='ocrx_word' id='word_1_248' title='bbox 1309 3243 1379 3334; x_wconf 70' lang='lat' dir='ltr'><strong>cxvi-</strong></span> 
     </span>
    </p>
   </div>
   <div class='ocr_carea' id='block_1_5' title="bbox 221 3356 1380 4568">
    <p class='ocr_par' dir='ltr' id='par_1_5' title="bbox 221 3356 1380 4568">
     <span class='ocr_line' id='line_1_27' title="bbox 221 3356 1380 3454; baseline -0.007 -20"><span class='ocrx_word' id='word_1_249' title='bbox 221 3362 329 3450; x_wconf 84' lang='grc' dir='ltr'><strong><em>ματός</em></strong></span> <span class='ocrx_word' id='word_1_250' title='bbox 351 3361 449 3434; x_wconf 77' lang='grc' dir='ltr'><strong><em>ἐστιν.</em></strong></span> <span class='ocrx_word' id='word_1_251' title='bbox 489 3367 559 3433; x_wconf 87' lang='lat' dir='ltr'><strong><em>Iam</em></strong></span> <span class='ocrx_word' id='word_1_252' title='bbox 583 3389 665 3454; x_wconf 86' lang='lat' dir='ltr'><strong>quae</strong></span> <span class='ocrx_word' id='word_1_253' title='bbox 688 3365 859 3453; x_wconf 77' lang='lat' dir='ltr'><strong>quominus</strong></span> <span class='ocrx_word' id='word_1_254' title='bbox 881 3365 967 3430; x_wconf 89' lang='lat' dir='ltr'><strong>hanc</strong></span> <span class='ocrx_word' id='word_1_255' title='bbox 989 3356 1181 3430; x_wconf 85' lang='lat' dir='ltr'><strong>sententiam</strong></span> <span class='ocrx_word' id='word_1_256' title='bbox 1214 3364 1380 3453; x_wconf 85' lang='lat' dir='ltr'><strong>probemus</strong></span> 
     </span>
     <span class='ocr_line' id='line_1_28' title="bbox 222 3474 1379 3566; baseline -0.008 -22"><span class='ocrx_word' id='word_1_257' title='bbox 222 3478 354 3544; x_wconf 87' lang='lat' dir='ltr'><strong>obstare</strong></span> <span class='ocrx_word' id='word_1_258' title='bbox 382 3477 544 3561; x_wconf 81' lang='lat' dir='ltr'><strong>videnlur,</strong></span> <span class='ocrx_word' id='word_1_259' title='bbox 574 3478 721 3566; x_wconf 88' lang='lat' dir='ltr'><strong>prolerre</strong></span> <span class='ocrx_word' id='word_1_260' title='bbox 751 3476 857 3542; x_wconf 85' lang='lat' dir='ltr'><strong>liceat.</strong></span> <span class='ocrx_word' id='word_1_261' title='bbox 902 3475 954 3540; x_wconf 89' lang='lat' dir='ltr'><strong><em>Ac</em></strong></span> <span class='ocrx_word' id='word_1_262' title='bbox 975 3476 1115 3562; x_wconf 87' lang='lat' dir='ltr'><strong>primum</strong></span> <span class='ocrx_word' id='word_1_263' title='bbox 1139 3474 1271 3564; x_wconf 89' lang='lat' dir='ltr'><strong>quidem</strong></span> <span class='ocrx_word' id='word_1_264' title='bbox 1293 3475 1379 3540; x_wconf 86' lang='lat' dir='ltr'><strong>inter·</strong></span> 
     </span>
     <span class='ocr_line' id='line_1_29' title="bbox 221 3579 1377 3678; baseline -0.003 -24"><span class='ocrx_word' id='word_1_265' title='bbox 221 3609 296 3678; x_wconf 84' lang='lat' dir='ltr'><strong>pres</strong></span> <span class='ocrx_word' id='word_1_266' title='bbox 324 3588 378 3654; x_wconf 90' lang='lat' dir='ltr'><strong>ille</strong></span> <span class='ocrx_word' id='word_1_267' title='bbox 407 3585 565 3676; x_wconf 83' lang='lat' dir='ltr'><strong>explicat,</strong></span> <span class='ocrx_word' id='word_1_268' title='bbox 594 3590 686 3675; x_wconf 81' lang='lat' dir='ltr'><strong>quasi</strong></span> <span class='ocrx_word' id='word_1_269' title='bbox 710 3587 901 3654; x_wconf 87' lang='lat' dir='ltr'><strong>Aristoteles</strong></span> <span class='ocrx_word' id='word_1_270' title='bbox 929 3608 994 3651; x_wconf 90' lang='lat' dir='ltr'><strong><em>non</em></strong></span> <span class='ocrx_word' id='word_1_271' title='bbox 1025 3584 1158 3652; x_wconf 81' lang='lat' dir='ltr'><strong>dixerit:</strong></span> <span class='ocrx_word' id='word_1_272' title='bbox 1185 3583 1297 3655; x_wconf 75' lang='grc' dir='ltr'><strong><em>πάντα</em></strong></span> <span class='ocrx_word' id='word_1_273' title='bbox 1323 3579 1377 3672; x_wconf 86' lang='grc' dir='ltr'><strong><em>γάρ</em></strong></span> 
     </span>
     <span class='ocr_line' id='line_1_30' title="bbox 222 3693 1377 3786; baseline -0.01 -18"><span class='ocrx_word' id='word_1_274' title='bbox 222 3697 439 3768; x_wconf 84' lang='grc' dir='ltr'><strong><em>συντέτακται</em></strong></span> <span class='ocrx_word' id='word_1_275' title='bbox 462 3697 548 3786; x_wconf 80' lang='grc' dir='ltr'><strong><em>πρὸς</em></strong></span> <span class='ocrx_word' id='word_1_276' title='bbox 569 3697 614 3781; x_wconf 77' lang='grc' dir='ltr'><strong><em>έν,</em></strong></span> <span class='ocrx_word' id='word_1_277' title='bbox 639 3700 709 3766; x_wconf 88' lang='lat' dir='ltr'><strong>sed:</strong></span> <span class='ocrx_word' id='word_1_278' title='bbox 742 3694 855 3766; x_wconf 83' lang='grc' dir='ltr'><strong><em>αάντα</em></strong></span> <span class='ocrx_word' id='word_1_279' title='bbox 875 3697 1066 3786; x_wconf 83' lang='grc' dir='ltr'><strong><em>συμπληροῖ</em></strong></span> <span class='ocrx_word' id='word_1_280' title='bbox 1086 3695 1125 3766; x_wconf 80' lang='grc' dir='ltr'><strong><em>τύ</em></strong></span> <span class='ocrx_word' id='word_1_281' title='bbox 1149 3695 1240 3766; x_wconf 83' lang='grc' dir='ltr'><strong><em>ὅλον.</em></strong></span> <span class='ocrx_word' id='word_1_282' title='bbox 1286 3693 1377 3765; x_wconf 84' lang='lat' dir='ltr'><strong>(luins</strong></span> 
     </span>
     <span class='ocr_line' id='line_1_31' title="bbox 221 3809 1377 3900; baseline -0.009 -20"><span class='ocrx_word' id='word_1_283' title='bbox 221 3811 402 3880; x_wconf 87' lang='lat' dir='ltr'><strong>sententiae</strong></span> <span class='ocrx_word' id='word_1_284' title='bbox 424 3810 555 3876; x_wconf 89' lang='lat' dir='ltr'><strong>omniuo</strong></span> <span class='ocrx_word' id='word_1_285' title='bbox 577 3810 657 3876; x_wconf 86' lang='lat' dir='ltr'><strong>nihil</strong></span> <span class='ocrx_word' id='word_1_286' title='bbox 679 3811 764 3878; x_wconf 89' lang='lat' dir='ltr'><strong>inest</strong></span> <span class='ocrx_word' id='word_1_287' title='bbox 784 3811 816 3876; x_wconf 90' lang='lat' dir='ltr'><strong><em>in</em></strong></span> <span class='ocrx_word' id='word_1_288' title='bbox 841 3809 949 3875; x_wconf 83' lang='lat' dir='ltr'><strong>verbis</strong></span> <span class='ocrx_word' id='word_1_289' title='bbox 969 3809 1163 3899; x_wconf 87' lang='lat' dir='ltr'><strong>philosophi,</strong></span> <span class='ocrx_word' id='word_1_290' title='bbox 1186 3833 1293 3900; x_wconf 88' lang='lat' dir='ltr'><strong>neque</strong></span> <span class='ocrx_word' id='word_1_291' title='bbox 1314 3827 1377 3873; x_wconf 84' lang='lat' dir='ltr'><strong>eam</strong></span> 
     </span>
     <span class='ocr_line' id='line_1_32' title="bbox 221 3921 1376 4008; baseline -0.009 -18"><span class='ocrx_word' id='word_1_292' title='bbox 221 3923 296 3990; x_wconf 88' lang='lat' dir='ltr'><strong>inde</strong></span> <span class='ocrx_word' id='word_1_293' title='bbox 319 3922 437 3990; x_wconf 88' lang='lat' dir='ltr'><strong>ducere</strong></span> <span class='ocrx_word' id='word_1_294' title='bbox 459 3944 639 4008; x_wconf 85' lang='lat' dir='ltr'><strong>possumus,</strong></span> <span class='ocrx_word' id='word_1_295' title='bbox 667 3943 739 3987; x_wconf 88' lang='lat' dir='ltr'><strong><em>cum</em></strong></span> <span class='ocrx_word' id='word_1_296' title='bbox 764 3922 956 3988; x_wconf 86' lang='lat' dir='ltr'><strong>Aristoteles</strong></span> <span class='ocrx_word' id='word_1_297' title='bbox 979 3922 1020 3987; x_wconf 89' lang='lat' dir='ltr'><strong>de</strong></span> <span class='ocrx_word' id='word_1_298' title='bbox 1043 3921 1155 3988; x_wconf 83' lang='lat' dir='ltr'><strong>ordine</strong></span> <span class='ocrx_word' id='word_1_299' title='bbox 1178 3921 1298 4005; x_wconf 86' lang='lat' dir='ltr'><strong>mundi,</strong></span> <span class='ocrx_word' id='word_1_300' title='bbox 1319 3937 1376 3985; x_wconf 85' lang='lat' dir='ltr'><strong><em>nou</em></strong></span> 
     </span>
     <span class='ocr_line' id='line_1_33' title="bbox 223 4028 1377 4122; baseline -0.008 -23"><span class='ocrx_word' id='word_1_301' title='bbox 223 4034 263 4100; x_wconf 91' lang='lat' dir='ltr'><strong>de</strong></span> <span class='ocrx_word' id='word_1_302' title='bbox 286 4032 477 4122; x_wconf 87' lang='lat' dir='ltr'><strong>complendo</strong></span> <span class='ocrx_word' id='word_1_303' title='bbox 501 4055 539 4098; x_wconf 92' lang='lat' dir='ltr'><strong>eo</strong></span> <span class='ocrx_word' id='word_1_304' title='bbox 563 4031 664 4098; x_wconf 87' lang='lat' dir='ltr'><strong>verba</strong></span> <span class='ocrx_word' id='word_1_305' title='bbox 685 4033 794 4100; x_wconf 84' lang='lat' dir='ltr'><strong>faciat.</strong></span> <span class='ocrx_word' id='word_1_306' title='bbox 832 4032 960 4100; x_wconf 81' lang='lat' dir='ltr'><strong>Deinde</strong></span> <span class='ocrx_word' id='word_1_307' title='bbox 976 4030 1155 4098; x_wconf 78' lang='lat' dir='ltr'><strong>Alexandri</strong></span> <span class='ocrx_word' id='word_1_308' title='bbox 1178 4033 1330 4120; x_wconf 80' lang='lat' dir='ltr'><strong>magister</strong></span> <span class='ocrx_word' id='word_1_309' title='bbox 1348 4028 1377 4092; x_wconf 90' lang='lat' dir='ltr'><strong><em>iu</em></strong></span> 
     </span>
     <span class='ocr_line' id='line_1_34' title="bbox 223 4131 1377 4233; baseline -0.006 -22"><span class='ocrx_word' id='word_1_310' title='bbox 223 4144 423 4233; x_wconf 84' lang='lat' dir='ltr'><strong>exponendis</strong></span> <span class='ocrx_word' id='word_1_311' title='bbox 452 4131 574 4210; x_wconf 77' lang='lat' dir='ltr'><strong>verbis:</strong></span> <span class='ocrx_word' id='word_1_312' title='bbox 602 4141 687 4229; x_wconf 89' lang='grc' dir='ltr'><strong><em>λέγω</em></strong></span> <span class='ocrx_word' id='word_1_313' title='bbox 710 4137 743 4210; x_wconf 84' lang='lat' dir='ltr'><strong><em>d&#39;</em></strong></span> <span class='ocrx_word' id='word_1_314' title='bbox 768 4135 842 4212; x_wconf 86' lang='grc' dir='ltr'><strong><em>οἷον</em></strong></span> <span class='ocrx_word' id='word_1_315' title='bbox 866 4154 899 4208; x_wconf 90' lang='lat' dir='ltr'><strong>et</strong></span> <span class='ocrx_word' id='word_1_316' title='bbox 920 4165 1005 4232; x_wconf 85' lang='lat' dir='ltr'><strong>quae</strong></span> <span class='ocrx_word' id='word_1_317' title='bbox 1032 4151 1220 4230; x_wconf 85' lang='lat' dir='ltr'><strong>sequuntur,</strong></span> <span class='ocrx_word' id='word_1_318' title='bbox 1243 4135 1377 4231; x_wconf 80' lang='lat' dir='ltr'><strong>neglegit</strong></span> 
     </span>
     <span class='ocr_line' id='line_1_35' title="bbox 223 4244 1375 4343; baseline -0.003 -23"><span class='ocrx_word' id='word_1_319' title='bbox 223 4265 318 4322; x_wconf 86' lang='lat' dir='ltr'><strong>antea</strong></span> <span class='ocrx_word' id='word_1_320' title='bbox 341 4254 462 4321; x_wconf 87' lang='lat' dir='ltr'><strong>dictum</strong></span> <span class='ocrx_word' id='word_1_321' title='bbox 485 4275 571 4322; x_wconf 88' lang='lat' dir='ltr'><strong>esse:</strong></span> <span class='ocrx_word' id='word_1_322' title='bbox 593 4248 669 4321; x_wconf 81' lang='grc' dir='ltr'><strong><em>ἀλλ’</em></strong></span> <span class='ocrx_word' id='word_1_323' title='bbox 687 4248 746 4337; x_wconf 77' lang='grc' dir='ltr'><strong><em>οὐχ</em></strong></span> <span class='ocrx_word' id='word_1_324' title='bbox 762 4248 888 4339; x_wconf 79' lang='grc' dir='ltr'><strong><em>ὁμοίως</em></strong></span> <span class='ocrx_word' id='word_1_325' title='bbox 911 4266 1008 4343; x_wconf 86' lang='lat' dir='ltr'><strong>atque</strong></span> <span class='ocrx_word' id='word_1_326' title='bbox 1030 4255 1272 4341; x_wconf 88' lang='lat' dir='ltr'><strong>iuterpretatur,</strong></span> <span class='ocrx_word' id='word_1_327' title='bbox 1294 4244 1375 4340; x_wconf 75' lang='lat' dir='ltr'><strong>quusi</strong></span> 
     </span>
     <span class='ocr_line' id='line_1_36' title="bbox 223 4359 1375 4454; baseline -0.003 -21"><span class='ocrx_word' id='word_1_328' title='bbox 223 4365 301 4433; x_wconf 91' lang='lat' dir='ltr'><strong>nihil</strong></span> <span class='ocrx_word' id='word_1_329' title='bbox 325 4365 496 4431; x_wconf 79' lang='lat' dir='ltr'><strong>antecedat</strong></span> <span class='ocrx_word' id='word_1_330' title='bbox 517 4365 594 4432; x_wconf 91' lang='lat' dir='ltr'><strong>nisi:</strong></span> <span class='ocrx_word' id='word_1_331' title='bbox 623 4364 709 4454; x_wconf 82' lang='grc' dir='ltr'><strong><em>πρὸς</em></strong></span> <span class='ocrx_word' id='word_1_332' title='bbox 735 4360 772 4433; x_wconf 76' lang='grc' dir='ltr'><strong><em>έν</em></strong></span> <span class='ocrx_word' id='word_1_333' title='bbox 792 4364 855 4454; x_wconf 77' lang='grc' dir='ltr'><strong><em>γὰρ</em></strong></span> <span class='ocrx_word' id='word_1_334' title='bbox 878 4361 1012 4434; x_wconf 75' lang='grc' dir='ltr'><strong><em>ἅπαντα</em></strong></span> <span class='ocrx_word' id='word_1_335' title='bbox 1035 4362 1262 4434; x_wconf 86' lang='grc' dir='ltr'><strong><em>συντέτακται.</em></strong></span> <span class='ocrx_word' id='word_1_336' title='bbox 1305 4359 1375 4430; x_wconf 70' lang='lat' dir='ltr'><strong>Sive</strong></span> 
     </span>
     <span class='ocr_line' id='line_1_37' title="bbox 224 4470 1374 4568; baseline -0.009 -22"><span class='ocrx_word' id='word_1_337' title='bbox 224 4479 308 4546; x_wconf 88' lang='lat' dir='ltr'><strong>enim</strong></span> <span class='ocrx_word' id='word_1_338' title='bbox 341 4476 511 4546; x_wconf 82' lang='lat' dir='ltr'><strong>enunciata</strong></span> <span class='ocrx_word' id='word_1_339' title='bbox 545 4478 630 4565; x_wconf 90' lang='lat' dir='ltr'><strong>quod</strong></span> <span class='ocrx_word' id='word_1_340' title='bbox 660 4477 745 4568; x_wconf 83' lang='grc' dir='ltr'><strong><em>λέγω</em></strong></span> <span class='ocrx_word' id='word_1_341' title='bbox 773 4473 806 4546; x_wconf 86' lang='lat' dir='ltr'><strong><em>d&#39;</em></strong></span> <span class='ocrx_word' id='word_1_342' title='bbox 836 4470 910 4548; x_wconf 83' lang='grc' dir='ltr'><strong><em>ολον</em></strong></span> <span class='ocrx_word' id='word_1_343' title='bbox 945 4475 1054 4546; x_wconf 81' lang='lat' dir='ltr'><strong>verbis</strong></span> <span class='ocrx_word' id='word_1_344' title='bbox 1087 4476 1201 4564; x_wconf 90' lang='lat' dir='ltr'><strong>incipit</strong></span> <span class='ocrx_word' id='word_1_345' title='bbox 1233 4499 1273 4544; x_wconf 86' lang='lat' dir='ltr'><strong>ea</strong></span> <span class='ocrx_word' id='word_1_346' title='bbox 1300 4489 1374 4564; x_wconf 83' lang='lat' dir='ltr'><strong>quac</strong></span> 
     </span>
    </p>
   </div>
   <div class='ocr_carea' id='block_1_6' title="bbox 0 0 1480 5076">
    <p class='ocr_par' dir='ltr' id='par_1_6' title="bbox 0 0 1480 5076">
     <span class='ocr_line' id='line_1_38' title="bbox 0 0 1480 5076; baseline 0 0"><span class='ocrx_word' id='word_1_347' title='bbox 0 0 1480 5076; x_wconf 95' lang='lat' dir='ltr'><strong><em> </em></strong></span> 
     </span>
    </p>
   </div>
  </div>
 </body>
</html>
