2870 5076
697 427 906 493 ..30-

309 593 379 662 Iam
403 615 487 684 quse
509 595 757 685 subsequuntur,
780 621 940 665 summum
961 599 1080 668 bonum
1097 601 1218 689 duplex
1238 623 1303 666 esse
1322 601 1365 665 do·

223 718 314 775 cent:
334 717 366 773 et
382 705 477 772 deum
493 717 525 774 et
541 707 650 774 mundi
668 708 813 774 ordinem
825 708 859 795 ¹).
892 709 1036 778 Necesse
1051 711 1151 798 igitur
1167 722 1217 776 est
1232 710 1305 776 deus
1318 719 1364 775 eut

223 841 314 886 suem
329 818 430 906 ipsius
446 828 593 884 naturum
610 819 791 885 entmundi
808 821 953 887 ordinem
971 823 1102 909 cogitet.
1134 819 1218 888 Cum
1240 844 1312 886 vero
1332 843 1365 886 ex

224 931 283 995 hoc
306 930 375 1016 ipso
399 927 469 994 loco
492 928 699 1016 intellegatur
721 929 830 996 mundi
854 931 999 998 ordinem
1022 932 1226 998 Aristotelem
1249 953 1365 997 censere

222 1038 403 1104 institutum
427 1059 496 1104 esse
520 1063 540 1104 e
563 1039 637 1124 deo,
669 1065 758 1126 eum,
781 1041 814 1107 id
839 1041 924 1130 quod
948 1065 1046 1131 supra
1069 1043 1223 1122 vidimus,
1246 1041 1366 1130 philoso-

223 1150 305 1237 phus
328 1146 437 1214 mundi
460 1148 573 1214 ordine
590 1174 665 1216 usus
682 1153 723 1216 sit
740 1164 940 1240 argumento,
963 1153 1138 1241 quodcum
1158 1153 1365 1242 comprobaret

224 1281 295 1324 esse
319 1261 570 1344 agnoscendum,
595 1285 667 1328 cum
692 1263 927 1330 existimaverit
944 1263 1109 1330 hominum
1126 1265 1248 1330 enimes
1272 1259 1365 1328 mundi

225 1371 357 1456 eiusque
381 1370 500 1438 ordinis
523 1371 678 1459 adspectu
702 1371 831 1439 adactos
855 1397 936 1455 esse,
960 1384 995 1440 ut
1009 1397 1127 1440 numen
1145 1373 1286 1440 divinum
1308 1393 1366 1435 esse
1422 1371 1423 1412 ³

223 1481 407 1547 crederent:
430 1481 577 1549 dubitare
599 1505 662 1548 non
680 1507 861 1571 possumus,
885 1485 961 1574 quin
978 1484 1168 1551 Aristoteles
1185 1485 1280 1550 deum
1295 1481 1366 1568 cogi-

224 1601 346 1658 tantem
370 1592 482 1658 fecerit
505 1592 615 1658 mundi
638 1595 795 1662 ordinem.
869 1595 874 1600 ’

309 1701 467 1768 Ordinem
491 1714 598 1768 eutem
622 1705 677 1792 qui
700 1706 831 1792 cogitet,
855 1705 914 1770 nisi
938 1705 1099 1772 notionem
1123 1707 1192 1772 eins
1214 1707 1367 1790 intellegat

223 1815 435 1897 abstractam,
463 1815 549 1880 idem
577 1837 709 1880 necesse
733 1826 782 1880 est
804 1826 910 1882 mente
933 1817 1166 1904 complectatur
1192 1841 1244 1882 res
1271 1835 1366 1882 omnes

223 1947 359 2013 querum
389 1933 438 1990 est
464 1924 553 1990 erdo.
599 1927 709 1994 Veluti
740 1929 920 1995 excercitus
952 1928 1097 1994 ordinem
1131 1929 1256 2014 fingere
1288 1925 1366 1990 nobis

223 2058 287 2100 non
311 2057 496 2123 possumus,
525 2036 586 2102 nisi
611 2063 674 2104 una
697 2040 875 2106 exereitum
897 2060 1073 2126 omnesque
1095 2038 1165 2103 eins
1188 2051 1294 2126 partes
1315 2034 1367 2100 aui·

222 2169 275 2212 mo
306 2146 511 2234 percipimus.
555 2149 681 2214 Pariter
709 2149 788 2216 deus
824 2149 970 2215 ordinem
1003 2147 1114 2214 mnndi
1148 2149 1290 2236 cogitare
1313 2167 1366 2211 nou

223 2266 343 2343 potest,
371 2257 431 2321 nisi
460 2256 612 2323 mundum
642 2257 748 2345 ipsum
776 2269 874 2346 atque
901 2279 1014 2324 omnes
1043 2280 1126 2346 quae
1154 2261 1188 2324 in
1213 2281 1251 2324 eo
1273 2257 1367 2322 insunt

223 2387 274 2432 res
298 2364 402 2431 animo
427 2367 679 2455 comprehendit.
724 2371 842 2456 Neque
866 2367 892 2432 si
915 2368 1108 2435 Aristoteles
1137 2367 1366 2445 dicitordinen

181 2549 184 2556 ,
222 2474 332 2541 mundi
355 2499 374 2540 a
396 2475 457 2542 deo
480 2477 637 2564 originem
661 2479 790 2562 hebere,
815 2479 848 2544 id
871 2478 969 2545 hebet
992 2478 1193 2564 sententiam,
1218 2479 1305 2568 qnasi
1325 2497 1366 2541 res

222 2587 285 2653 iem
309 2589 472 2673 perfectae
495 2588 526 2655 in
550 2589 696 2656 ordinem
712 2613 731 2655 a
747 2590 807 2656 deo
830 2590 982 2655 reductae
1005 2591 1078 2672 sint,
1101 2591 1198 2657 immo
1214 2590 1366 2675 resipsue,

222 2694 255 2760 id
280 2696 365 2784 quod
395 2721 492 2785 supra
519 2699 672 2784 vidimus,
700 2703 825 2767 ratione
852 2700 994 2767 universi
1021 2701 1131 2768 mundi
1159 2701 1269 2766 habita
1295 2696 1368 2764 insti·

223 2817 312 2872 tutae
337 2818 436 2896 etque
462 2811 596 2874 effectae
618 2823 709 2893 sunt,
739 2812 784 2878 ita
813 2822 847 2877 ut
874 2810 1011 2876 mundus
1034 2835 1115 2876 unus
1140 2821 1170 2877 et
1194 2812 1276 2878 bene
1297 2831 1368 2874 com·

223 2916 345 3003 positus
369 2940 439 2985 esse
462 2921 573 3008 possit.
610 2921 748 2988 Mundus
772 2933 820 2988 est
843 2931 955 3003 totum,
978 2944 1031 2986 res
1054 2921 1200 3009 singulae
1223 2920 1289 2986 eius
1311 2937 1369 3005 per

222 3038 281 3110 tes,
304 3029 413 3116 itaque
436 3030 487 3094 hie
511 3054 639 3120 quoqne
661 3034 743 3099 ratio
768 3031 909 3099 tenenda
925 3042 974 3096 est
989 3055 1084 3118 quam
1102 3032 1291 3097 Aristoteles
1312 3024 1368 3093 ubi-

223 3161 349 3225 eunque
373 3140 571 3223 observavit,
599 3153 702 3208 totum
735 3143 881 3230 partibus
910 3165 980 3208 esse
1003 3141 1091 3227 prius
1113 3154 1211 3229 atque
1236 3163 1291 3231 per
1311 3138 1368 3202 eius

222 3259 371 3314 naturum
394 3251 544 3317 constitui
567 3264 686 3340 portes.
731 3253 854 3318 Tamen
879 3276 942 3318 non
965 3253 1061 3335 huno,
1083 3275 1179 3340 quem
1203 3273 1261 3318 nos
1283 3245 1371 3315 cerni·

221 3382 303 3440 mus,
328 3361 481 3428 mundum
505 3362 686 3431 intellectus
710 3363 837 3428 divinus
861 3365 995 3451 cogitat3
1019 3363 1045 3428 is
1067 3363 1151 3428 enim
1173 3374 1264 3429 extre
1285 3362 1370 3427 deum

222 3477 279 3549 est,
303 3469 347 3534 ite
370 3482 405 3535 ut
427 3471 512 3538 hunc
535 3473 561 3538 si
585 3477 752 3561 cogitaret,
776 3473 929 3561 cogitatio
952 3497 1016 3539 non
1039 3474 1176 3562 amplius
1193 3484 1277 3540 esset
1297 3468 1371 3555 cogi·

222 3577 350 3645 tationis
374 3580 544 3668 cogitatio,
568 3584 625 3650 sed
647 3582 804 3650 mundum
827 3583 1082 3671 comprehendit,
1106 3607 1201 3671 quem
1225 3584 1371 3649 insemel

222 3689 292 3776 ipso
315 3688 422 3772 habet,
447 3691 476 3756 b.
493 3716 520 3757 e.
547 3692 700 3758 mundum
723 3693 975 3781 intellegibilem.
1017 3695 1206 3760 Formarum
1230 3693 1324 3781 igitur
1345 3695 1371 3751 el

222 3798 473 3866 substantiarum
498 3802 739 3869 universitatem
763 3805 869 3870 animo
892 3805 1127 3893 complectitur,
1150 3805 1195 3870 ita
1218 3815 1252 3870 ut
1274 3801 1371 3868 divina

224 3905 427 3920 *Q

298 3950 315 4011 ¹)
333 3949 396 4002 Met.
409 3949 447 4012 A,
471 3953 501 4000 10
520 3950 570 4000 im:
588 3944 787 4005 Ἐπισκεπτέον
806 3949 838 4003 δὲ
851 3952 898 4003 καὶ
914 3955 1035 4022 ποτέρως
1053 3951 1109 4019 ἔχει
1125 3946 1202 4024 r‘rrgri
1221 3948 1286 4004 dion
1299 3943 1371 4020 φύσις

221 4030 251 4086 τὸ
271 4029 382 4102 ἀγαθὸν
401 4038 448 4087 καὶ
466 4033 495 4089 τὰ
517 4029 639 4105 ἄριστον,
665 4035 781 4109 πότερον
799 4042 1005 4109 κεχωρισμένον
1023 4057 1048 4091 τι
1067 4041 1113 4090 καὶ
1132 4034 1198 4090 adrui
1219 4035 1284 4091 καθ’
1304 4028 1369 4092 αὑτό,

220 4115 237 4186 ἢ
256 4121 305 4187 τὴν
323 4116 415 4182 edim·
439 4117 455 4187 ἢ
474 4119 640 4194 ἀμφοτέρως
658 4121 938 4198 ὥσπερστράτευμα.
961 4129 1007 4178 καὶ
1029 4122 1083 4195 γὰρ
1108 4125 1138 4179 ἐν
1163 4129 1195 4198 τῇ
1213 4125 1285 4186 τάξει
1301 4123 1328 4177 τὸ
1345 4113 1369 4172 ul

221 4209 268 4260 καὶ
293 4204 307 4260 ὁ
328 4207 491 4278 στρατηγός,
515 4212 562 4262 καὶ
585 4213 695 4282 μᾶλλον
720 4201 809 4272 οὗτος·
835 4210 867 4264 ori
895 4211 950 4284 γὰρ
977 4201 1056 4272 οὗτος
1078 4212 1125 4265 διὰ
1148 4212 1196 4278 τὴν
1220 4211 1295 4273 τάξιν
1315 4201 1367 4262 rill'

202 4293 311 4360 ,ἐκείνη
334 4295 381 4347 διὰ
406 4296 503 4352 τοῦτόν
527 4299 592 4352 ἐστι.
629 4303 703 4356 Haec
725 4312 813 4355 autem
836 4304 908 4370 prior
922 4304 1025 4370 capitis
1047 4303 1226 4370 decimilpnrs
1250 4298 1369 4354 artissime

221 4398 282 4436 oum
299 4386 386 4450 eapite
404 4404 473 4439 nono
492 4389 615 4442 conseret
632 4407 717 4457 neque
736 4391 769 4444 ab
789 4405 819 4441 eo
835 4397 875 4442 est
887 4391 1059 4458 seiungends,
1079 4391 1111 4442 cf.
1125 4391 1230 4446 Bonita.
1244 4387 1367 4443 comment

221 4487 246 4539 p.
261 4474 321 4525 518.
