2966 5072
777 410 796 468 8

278 571 364 656 apud
387 572 523 656 eundem
535 570 710 658 Diogenem
719 575 881 641 Laertium
897 577 938 662 ¹⁰)
952 575 1181 642 Alexamenum
1199 574 1306 640 neseio

279 698 373 761 quem
396 677 544 762 Styreum
567 678 632 743 sive
654 675 763 764 TeJum
793 680 904 746 tradit.
960 681 1032 748 Alio
1058 679 1128 745 loeo
1145 680 1187 764 ¹¹)
1221 678 1307 743 idem

247 827 256 874 3
279 781 438 865 Diogenes
450 781 656 848 Aristotelem
679 789 845 880 auctorem
866 806 937 850 esse
959 786 1016 867 ait,
1038 786 1197 850 Zenonem
1213 783 1306 848 Elea·

279 893 345 982 tem
367 885 566 952 inventorem
588 885 774 954 dialecticae
797 890 878 954 artis
899 890 1007 956 fuisse
1052 889 1141 966 Quae
1162 909 1214 952 res
1228 907 1306 971 quo·

280 992 500 1075 modoounque
522 1013 557 1058 se
579 991 694 1073 habet,
723 991 812 1058 illud
826 1014 903 1059 sane
931 995 1008 1059 mihi
1028 1015 1087 1078 pro
1111 998 1199 1058 eerto
1222 991 1308 1056 affir-

280 1097 360 1160 mari
381 1115 476 1178 posse
499 1095 642 1177 videtur,
656 1095 659 1128 ¹
673 1097 822 1162 eristioae
852 1105 940 1164 nette
970 1100 1051 1164 artis
1081 1098 1175 1162 initia
1206 1095 1308 1162 multo

281 1200 368 1265 ultra
390 1221 460 1265 earn
482 1205 622 1265 aetatem
645 1219 715 1266 esse
737 1202 929 1285 repetenda,
954 1223 1018 1286 qua
1038 1203 1123 1268 Zeno
1146 1199 1201 1267 ille
1215 1199 1308 1264 Elea·

200 1290 204 1296 *
282 1312 332 1370 tes
355 1305 473 1370 vixisse
495 1304 608 1370 fertur.

346 1413 447 1474 Lasos
469 1408 553 1472 enim
576 1411 819 1490 Ηινισιοσσνιιιῗι,
854 1411 902 1474 vir
925 1406 1051 1492 egregie
1073 1406 1114 1471 de
1136 1407 1258 1472 musica
1276 1411 1310 1471 et

281 1513 370 1596 poesi
394 1511 589 1577 Graeoomm
611 1513 762 1594 meritus,
798 1513 854 1597 qui
873 1512 965 1578 Darii
993 1511 1164 1597 Hystaspis
1187 1518 1309 1595 tempo·

282 1616 372 1683 ribus
393 1617 473 1682 vixit
496 1623 528 1682 et
550 1617 694 1700 aequaiis
718 1617 892 1694 Simonidis
912 1624 944 1682 et
959 1616 1166 1700 Xenophanis
1184 1617 1245 1682 fuit
1258 1619 1309 1701 ¹²),

283 1722 405 1805 primus
428 1720 543 1802 λόγους
563 1720 737 1806 ἐριστικοὺς
756 1721 922 1788 induxisse
937 1723 1080 1788 traditur
1092 1725 1146 1808 li).
1192 1721 1311 1800 Cuirei

284 1826 378 1910 quasi
391 1825 487 1890 fidem
497 1825 643 1910 adjungit
656 1829 831 1892 Athenaeus
844 1829 897 1912 Η),
905 1829 969 1912 ‘qui
983 1827 1068 1897 hune
1078 1832 1147 1914 ejus
1160 1829 1312 1894 festivum

287 1931 393 1995 lusum
416 1931 563 1998 servavit:
584 1933 639 1994 τὸν
660 1933 777 1996 Λᾶσόν
799 1950 880 2016 φασι
902 1933 957 1996 τὸν
979 1932 1070 2016 οἷμὸν
1091 1931 1190 2015 ἰχθυν
1212 1931 1312 1996 ἀπιὸν

286 2037 368 2100 εἶναι
391 2034 537 2120 φάσκειν.
581 2035 818 2118 θαυμαζόντων
841 2035 880 2120 δὴ
913 2036 1044 2102 πολλῶν
1066 2037 1235 2122 ἐπιχειρεῖν
1258 2035 1312 2100 λέ-

286 2161 352 2218 γειν
374 2139 418 2214 ὥς
439 2138 458 2202 ὅ
480 2137 564 2204 ἐστιν
587 2137 743 2217 α’κοῦσαι,
778 2139 873 2204 τοῦτο’
893 2141 977 2205 ἐστιν
1007 2140 1183 2219 αἰιουσσυν,
1216 2142 1312 2204 καὶὸ

286 2243 349 2306 ἐστι
378 2245 506 2327 νοῆσαι,
545 2242 638 2307 τοῦτο’
673 2241 738 2306 ἐστι
766 2243 897 2328 νοητόν·
938 2242 1087 2320 dodorus
1116 2243 1174 2310 οὖν
1209 2250 1262 2308 καὶ
1294 2237 1312 2307 ὅ

286 2348 369 2412 ἐστιν
391 2346 482 2423 ἰδεῖν,
503 2351 593 2411 τοῦτο
609 2347 699 2411 ἐἶναι
721 2343 835 2412 ὅσιόν·
859 2347 927 2412 ὥστ’
943 2349 1053 2434 ἐπειδὴ
1076 2349 1131 2414 τὸν
1153 2349 1252 2430 ἰχθὺν
1274 2346 1314 2434 ἦν

287 2449 377 2527 ἰδεῖν,
400 2449 500 2516 ὀπτὸν
521 2452 604 2515 εἶναι
626 2451 690 2516 uti.
734 2452 797 2530 Qui
815 2452 905 2518 lusus
919 2473 1113 2538 quamquam
1131 2453 1314 2538 longissime

170 2546 172 2554 ’
287 2555 448 2622 absunta
477 2554 676 2639 dialogorum
705 2555 900 2640 perfectione
933 2562 967 2622 et
992 2558 1209 2640 praestantia,
1242 2577 1314 2640 pos·

289 2666 365 2726 sunt
385 2666 494 2725 tamen
514 2659 607 2726 nobis
629 2660 866 2744 demonstrare,
898 2661 1057 2745 quomodo
1082 2665 1149 2747 jam
1170 2668 1241 2727 tum
1262 2683 1314 2726 ex·

288 2772 380 2830 terno
402 2763 572 2830 verborum
594 2785 671 2830 sono
694 2765 791 2830 simili
821 2771 854 2830 et
881 2765 985 2831 forma
1010 2767 1133 2850 judicia
1152 2765 1316 2831 hominum

290 2868 438 2954 impediri
461 2875 647 2953 mentesque
668 2871 790 2935 moveri
811 2872 987 2953 potuerint.

354 2973 461 3056 Atque
489 2973 617 3040 omnino
651 2994 672 3038 a
706 2971 827 3039 talibus
862 2971 986 3040 lusibus
1018 2979 1123 3038 artem
1155 2973 1316 3039 eristioam

289 3077 467 3162 profectam
487 3098 557 3142 esse
579 3099 644 3143 non
666 3075 838 3144 admodum
860 3077 1047 3143 incredibile
1080 3082 1140 3142 est.
1195 3075 1316 3156 Quibus

291 3183 375 3248 enim
396 3181 494 3248 rebus
517 3183 610 3266 quasi
631 3183 723 3270 pueri
744 3182 889 3248 homines
912 3182 988 3247 dum
1006 3188 1092 3265 sunt,
1114 3181 1238 3264 ludunt,
1262 3203 1317 3247 eas

290 3286 351 3351 viri
374 3286 451 3352 faeti
473 3286 556 3352 serio
579 3286 768 3370 plerumque
797 3291 829 3352 et
857 3291 950 3352 extra
976 3289 1084 3370 jocum
1113 3291 1254 3352 tractare
1285 3293 1317 3352 et

348 3479 394 3548 10)
418 3482 434 3534 1.
459 3498 479 3532 ο.
609 3483 654 3552 ll)
681 3486 721 3547 tx,
745 3500 769 3550 p.
790 3483 850 3535 645.
997 3481 1043 3550 12)
1069 3483 1101 3534 tt.
1127 3483 1157 3534 de
1182 3497 1211 3532 eo
1230 3482 1317 3532 em-

292 3569 376 3638 Ιιιαιὶρ
395 3560 494 3622 Gruudr.
513 3573 537 3622 d.
556 3574 643 3635 mech.
663 3575 767 3627 litteras
785 3573 838 3641 (ite
857 3571 954 3641 Βοιώ.)
973 3575 1002 3636 11,
1024 3574 1047 3634 1,
1066 3588 1089 3638 p.
1101 3573 1151 3638 541
1173 3579 1196 3623 et
1215 3570 1267 3622 546
1281 3583 1317 3634 sq.

293 3659 414 3710 Daseia·
432 3661 518 3712 Gesch.
536 3663 558 3712 d.
576 3661 675 3714 Alterth.
693 3663 729 3715 tt.
747 3679 771 3728 p.
783 3663 836 3716 830
856 3671 880 3714 et
900 3662 959 3714 339.
996 3662 1060 3714 etot.
1081 3663 1111 3712 de
1130 3663 1212 3712 vitioso
1230 3659 1317 3724 pudure

294 3763 313 3802 a.
334 3749 358 3800 5.
455 3749 500 3818 13)
519 3751 605 3802 Sobel.
624 3751 653 3802 ad
672 3751 801 3822 Aristoni.
827 3753 899 3820 Vesp.
918 3768 939 3802 ν.
963 3751 1046 3804 1410:
1071 3749 1159 3808 Λᾶσος
1176 3749 1317 3816 Χαρβίνσυ

288 3836 457 3908 Ἑρμιονεύς,
475 3837 578 3897 πόλεως
595 3837 638 3903 τῆς
654 3836 774 3909 Ἀχαίας,
798 3839 918 3910 γεγονώς
935 3837 1000 3892 κατὰ
1019 3838 1064 3903 τὴν
1082 3838 1119 3904 ιη’
1139 3835 1318 3907 Ὀλυμπιάδα,

293 3922 331 3978 ὅτε
349 3929 462 3995 Δαρεῖυς
480 3925 666 3982 ὕὙσνᾰσπου.
686 3955 714 3966 -
738 3927 841 3999 πρῶτος
859 3927 888 3988 di
907 3919 982 3988 οὗτος
999 3927 1060 3996 περὶ
1080 3925 1209 3996 μουσικῆς
1233 3923 1316 3996 λόγον

291 4019 409 4088 hoaut.
426 4016 665 4089 irridendarum
688 4019 725 4078 ets
750 4017 844 4090 aptum
868 4017 1004 4089 ιῖςήγαγι,
1029 4018 1077 4070 καὶ
1097 4015 1176 4078 τοὺς
1201 4017 1319 4086 tototo-

291 4105 371 4166 κους
389 4106 595 4177 slewicen
614 4107 748 4179 λόγους.
867 4107 988 4177 tt)v111‚
1008 4125 1032 4174 p.
1051 4107 1112 4172 338,
1130 4109 1157 4170 Β,
1177 4109 1202 4160 C.
