<?xml version="1.0" encoding="UTF-8"?>
<!DOCTYPE html PUBLIC "-//W3C//DTD XHTML 1.0 Transitional//EN"
    "http://www.w3.org/TR/xhtml1/DTD/xhtml1-transitional.dtd">
<html xmlns="http://www.w3.org/1999/xhtml" xml:lang="en" lang="en">
 <head>
  <title>
</title>
<meta http-equiv="Content-Type" content="text/html;charset=utf-8" />
  <meta name='ocr-system' content='tesseract 3.04.00' />
  <meta name='ocr-capabilities' content='ocr_page ocr_carea ocr_par ocr_line ocrx_word'/>
</head>
<body>
  <div class='ocr_page' id='page_1' title='image "./dearistotelisez00thomgoog_0277.png"; bbox 0 0 2870 5076; ppageno 0'>
   <div class='ocr_carea' id='block_1_1' title="bbox 537 419 746 485">
    <p class='ocr_par' dir='ltr' id='par_1_1' title="bbox 537 419 746 485">
     <span class='ocr_line' id='line_1_1' title="bbox 537 419 746 485; baseline 0 -17"><span class='ocrx_word' id='word_1_1' title='bbox 537 419 746 485; x_wconf 69' lang='grc'>-97-</span> 
     </span>
    </p>
   </div>
   <div class='ocr_carea' id='block_1_2' title="bbox 69 537 1216 675">
    <p class='ocr_par' dir='ltr' id='par_1_2' title="bbox 69 537 1216 675">
     <span class='ocr_line' id='line_1_2' title="bbox 69 537 1216 675; baseline -0.008 -17"><span class='ocrx_word' id='word_1_2' title='bbox 69 591 143 660; x_wconf 66' lang='lat' dir='ltr'><strong>soll</strong></span> <span class='ocrx_word' id='word_1_3' title='bbox 163 537 360 675; x_wconf 72' lang='lat' dir='ltr'><strong>mnehmen,</strong></span> <span class='ocrx_word' id='word_1_4' title='bbox 384 591 578 658; x_wconf 84' lang='lat' dir='ltr'><strong>Aristoteles</strong></span> <span class='ocrx_word' id='word_1_5' title='bbox 602 591 686 657; x_wconf 87' lang='lat' dir='ltr'><strong>habe</strong></span> <span class='ocrx_word' id='word_1_6' title='bbox 711 627 748 640; x_wconf 91' lang='lat'>-</span> <span class='ocrx_word' id='word_1_7' title='bbox 772 590 824 656; x_wconf 86' lang='lat' dir='ltr'><strong>ein</strong></span> <span class='ocrx_word' id='word_1_8' title='bbox 846 587 1021 656; x_wconf 76' lang='lat' dir='ltr'><strong>Vorlttufor</strong></span> <span class='ocrx_word' id='word_1_9' title='bbox 1043 587 1101 654; x_wconf 80' lang='lat' dir='ltr'><strong>tier</strong></span> <span class='ocrx_word' id='word_1_10' title='bbox 1122 585 1216 651; x_wconf 85' lang='lat' dir='ltr'><strong>Leib-</strong></span> 
     </span>
    </p>
   </div>
   <div class='ocr_carea' id='block_1_3' title="bbox 4 699 1224 4110">
    <p class='ocr_par' dir='ltr' id='par_1_3' title="bbox 4 699 1224 3335">
     <span class='ocr_line' id='line_1_3' title="bbox 68 699 1215 788; baseline -0.007 -18"><span class='ocrx_word' id='word_1_11' title='bbox 68 703 232 772; x_wconf 83' lang='lat' dir='ltr'><strong>nitaiaolren</strong></span> <span class='ocrx_word' id='word_1_12' title='bbox 259 701 516 770; x_wconf 82' lang='lat' dir='ltr'><strong>Monadenlshre</strong></span> <span class='ocrx_word' id='word_1_13' title='bbox 542 739 584 752; x_wconf 89' lang='lat'><em>-</em></span> <span class='ocrx_word' id='word_1_14' title='bbox 612 705 664 770; x_wconf 88' lang='lat' dir='ltr'><strong>die</strong></span> <span class='ocrx_word' id='word_1_15' title='bbox 693 701 971 788; x_wconf 74' lang='lat' dir='ltr'><strong>Vertnrlerungen</strong></span> <span class='ocrx_word' id='word_1_16' title='bbox 1000 701 1034 765; x_wconf 89' lang='lat' dir='ltr'><strong>in</strong></span> <span class='ocrx_word' id='word_1_17' title='bbox 1067 699 1145 764; x_wconf 88' lang='lat' dir='ltr'><strong>oder</strong></span> <span class='ocrx_word' id='word_1_18' title='bbox 1174 719 1215 762; x_wconf 91' lang='lat' dir='ltr'><strong>an</strong></span> 
     </span>
     <span class='ocr_line' id='line_1_4' title="bbox 66 807 1216 902; baseline -0.006 -24"><span class='ocrx_word' id='word_1_19' title='bbox 66 813 120 879; x_wconf 85' lang='lat' dir='ltr'><strong>don</strong></span> <span class='ocrx_word' id='word_1_20' title='bbox 135 813 357 881; x_wconf 79' lang='lat' dir='ltr'><strong>llinaslwesen</strong></span> <span class='ocrx_word' id='word_1_21' title='bbox 379 813 438 880; x_wconf 81' lang='lat' dir='ltr'><strong>auf</strong></span> <span class='ocrx_word' id='word_1_22' title='bbox 449 811 802 902; x_wconf 84' lang='lat' dir='ltr'><strong>Selbstentwickelung</strong></span> <span class='ocrx_word' id='word_1_23' title='bbox 824 812 1000 878; x_wconf 75' lang='lat' dir='ltr'><strong>der‘ihnen</strong></span> <span class='ocrx_word' id='word_1_24' title='bbox 1023 834 1063 875; x_wconf 84' lang='lat' dir='ltr'><strong>nu</strong></span> <span class='ocrx_word' id='word_1_25' title='bbox 1080 807 1216 875; x_wconf 84' lang='lat' dir='ltr'><strong>Grande</strong></span> 
     </span>
     <span class='ocr_line' id='line_1_5' title="bbox 65 916 1216 1012; baseline -0.007 -24"><span class='ocrx_word' id='word_1_26' title='bbox 65 921 223 1010; x_wconf 83' lang='lat' dir='ltr'><strong>legenden</strong></span> <span class='ocrx_word' id='word_1_27' title='bbox 257 923 435 1012; x_wconf 70' lang='lat' dir='ltr'><strong>gottliohen</strong></span> <span class='ocrx_word' id='word_1_28' title='bbox 470 922 653 990; x_wconf 83' lang='lat' dir='ltr'><strong>Gadanken</strong></span> <span class='ocrx_word' id='word_1_29' title='bbox 688 924 758 989; x_wconf 83' lang='lat' dir='ltr'><strong>und</strong></span> <span class='ocrx_word' id='word_1_30' title='bbox 797 924 851 989; x_wconf 85' lang='lat' dir='ltr'><strong>die</strong></span> <span class='ocrx_word' id='word_1_31' title='bbox 884 922 1116 1005; x_wconf 85' lang='lat' dir='ltr'><strong>Hemmnngen</strong></span> <span class='ocrx_word' id='word_1_32' title='bbox 1150 916 1216 982; x_wconf 87' lang='lat' dir='ltr'><strong>und</strong></span> 
     </span>
     <span class='ocr_line' id='line_1_6' title="bbox 65 1029 1215 1121; baseline -0.007 -21"><span class='ocrx_word' id='word_1_33' title='bbox 65 1029 241 1121; x_wconf 77' lang='lat' dir='ltr'><strong>stormgen</strong></span> <span class='ocrx_word' id='word_1_34' title='bbox 262 1034 296 1100; x_wconf 91' lang='lat' dir='ltr'><strong>in</strong></span> <span class='ocrx_word' id='word_1_35' title='bbox 320 1034 426 1102; x_wconf 85' lang='lat' dir='ltr'><strong>dieser</strong></span> <span class='ocrx_word' id='word_1_36' title='bbox 441 1033 794 1120; x_wconf 84' lang='lat' dir='ltr'><strong>Selbstentwickelung</strong></span> <span class='ocrx_word' id='word_1_37' title='bbox 817 1035 874 1098; x_wconf 83' lang='lat' dir='ltr'><strong>aul</strong></span> <span class='ocrx_word' id='word_1_38' title='bbox 892 1034 945 1098; x_wconf 88' lang='lat' dir='ltr'><strong>ihr</strong></span> <span class='ocrx_word' id='word_1_39' title='bbox 962 1029 1215 1100; x_wconf 84' lang='lat' dir='ltr'><strong>Gebundensein</strong></span> 
     </span>
     <span class='ocr_line' id='line_1_7' title="bbox 66 1139 1216 1232; baseline -0.007 -22"><span class='ocrx_word' id='word_1_40' title='bbox 66 1166 100 1210; x_wconf 84' lang='lat' dir='ltr'><strong>ao</strong></span> <span class='ocrx_word' id='word_1_41' title='bbox 120 1143 206 1212; x_wconf 83' lang='lat' dir='ltr'><strong>Stoff</strong></span> <span class='ocrx_word' id='word_1_42' title='bbox 223 1144 303 1211; x_wconf 87' lang='lat' dir='ltr'><strong>oder</strong></span> <span class='ocrx_word' id='word_1_43' title='bbox 325 1143 523 1232; x_wconf 72' lang='lat' dir='ltr'><strong>vormogen,</strong></span> <span class='ocrx_word' id='word_1_44' title='bbox 547 1144 599 1212; x_wconf 89' lang='lat' dir='ltr'><strong>die</strong></span> <span class='ocrx_word' id='word_1_45' title='bbox 621 1144 868 1210; x_wconf 87' lang='lat' dir='ltr'><strong>harmonisohen</strong></span> <span class='ocrx_word' id='word_1_46' title='bbox 890 1139 1216 1210; x_wconf 80' lang='lat' dir='ltr'><strong>Wechselbezielrun·</strong></span> 
     </span>
     <span class='ocr_line' id='line_1_8' title="bbox 64 1251 1214 1343; baseline -0.01 -20"><span class='ocrx_word' id='word_1_47' title='bbox 64 1277 118 1340; x_wconf 74' lang='lat' dir='ltr'><strong>gen</strong></span> <span class='ocrx_word' id='word_1_48' title='bbox 143 1255 177 1320; x_wconf 92' lang='lat' dir='ltr'><strong>in</strong></span> <span class='ocrx_word' id='word_1_49' title='bbox 206 1255 267 1322; x_wconf 87' lang='lat' dir='ltr'><strong>den</strong></span> <span class='ocrx_word' id='word_1_50' title='bbox 292 1254 585 1343; x_wconf 78' lang='lat' dir='ltr'><strong>Entwiolrelungen</strong></span> <span class='ocrx_word' id='word_1_51' title='bbox 613 1255 671 1320; x_wconf 91' lang='lat' dir='ltr'><strong>der</strong></span> <span class='ocrx_word' id='word_1_52' title='bbox 700 1253 957 1320; x_wconf 81' lang='lat' dir='ltr'><strong>verschiedenen</strong></span> <span class='ocrx_word' id='word_1_53' title='bbox 979 1251 1214 1328; x_wconf 72' lang='lat' dir='ltr'><strong>Einzelvresem</strong></span> 
     </span>
     <span class='ocr_line' id='line_1_9' title="bbox 64 1357 1220 1452; baseline -0.005 -23"><span class='ocrx_word' id='word_1_54' title='bbox 64 1363 113 1430; x_wconf 89' lang='lat' dir='ltr'><strong>mit</strong></span> <span class='ocrx_word' id='word_1_55' title='bbox 134 1365 334 1452; x_wconf 85' lang='lat' dir='ltr'><strong>Vorahnuag</strong></span> <span class='ocrx_word' id='word_1_56' title='bbox 357 1365 414 1430; x_wconf 88' lang='lat' dir='ltr'><strong>des</strong></span> <span class='ocrx_word' id='word_1_57' title='bbox 437 1365 580 1452; x_wconf 84' lang='lat' dir='ltr'><strong>Begriffs</strong></span> <span class='ocrx_word' id='word_1_58' title='bbox 603 1366 693 1431; x_wconf 86' lang='lat' dir='ltr'><strong>einer</strong></span> <span class='ocrx_word' id='word_1_59' title='bbox 713 1364 882 1430; x_wconf 82' lang='lat' dir='ltr'><strong>harmonia</strong></span> <span class='ocrx_word' id='word_1_60' title='bbox 903 1361 1139 1451; x_wconf 83' lang='lat' dir='ltr'><strong>praestabilita,</strong></span> <span class='ocrx_word' id='word_1_61' title='bbox 1162 1357 1220 1424; x_wconf 82' lang='lat' dir='ltr'><strong>auf</strong></span> 
     </span>
     <span class='ocr_line' id='line_1_10' title="bbox 64 1472 1216 1562; baseline 0 -24"><span class='ocrx_word' id='word_1_62' title='bbox 64 1473 107 1540; x_wconf 81' lang='lat' dir='ltr'><strong>tlie</strong></span> <span class='ocrx_word' id='word_1_63' title='bbox 131 1474 264 1542; x_wconf 83' lang='lat' dir='ltr'><strong>llinheit</strong></span> <span class='ocrx_word' id='word_1_64' title='bbox 289 1474 356 1540; x_wconf 89' lang='lat' dir='ltr'><strong>nnd</strong></span> <span class='ocrx_word' id='word_1_65' title='bbox 387 1474 685 1542; x_wconf 80' lang='lat' dir='ltr'><strong>Volllrommenhait</strong></span> <span class='ocrx_word' id='word_1_66' title='bbox 712 1475 799 1540; x_wconf 91' lang='lat' dir='ltr'><strong>ihres</strong></span> <span class='ocrx_word' id='word_1_67' title='bbox 828 1475 1067 1562; x_wconf 88' lang='lat' dir='ltr'><strong>gemeinsamen</strong></span> <span class='ocrx_word' id='word_1_68' title='bbox 1096 1472 1216 1538; x_wconf 83' lang='lat' dir='ltr'><strong>letzten</strong></span> 
     </span>
     <span class='ocr_line' id='line_1_11' title="bbox 65 1583 1218 1676; baseline -0.004 -26"><span class='ocrx_word' id='word_1_69' title='bbox 65 1583 215 1668; x_wconf 82' lang='lat' dir='ltr'><strong>Grandes,</strong></span> <span class='ocrx_word' id='word_1_70' title='bbox 240 1583 297 1650; x_wconf 87' lang='lat' dir='ltr'><strong>des</strong></span> <span class='ocrx_word' id='word_1_71' title='bbox 319 1584 542 1676; x_wconf 88' lang='lat' dir='ltr'><strong>nnbedingten</strong></span> <span class='ocrx_word' id='word_1_72' title='bbox 565 1585 746 1672; x_wconf 69' lang='lat' dir='ltr'><strong>gettlichen</strong></span> <span class='ocrx_word' id='word_1_73' title='bbox 768 1584 910 1670; x_wconf 84' lang='lat' dir='ltr'><strong>Geistes,</strong></span> <span class='ocrx_word' id='word_1_74' title='bbox 934 1583 1218 1652; x_wconf 77' lang='lat' dir='ltr'><strong>aurttckaultlhren</strong></span> 
     </span>
     <span class='ocr_line' id='line_1_12' title="bbox 65 1693 1218 1784; baseline -0.002 -24"><span class='ocrx_word' id='word_1_75' title='bbox 65 1695 144 1762; x_wconf 85' lang='lat' dir='ltr'><strong>mehr</strong></span> <span class='ocrx_word' id='word_1_76' title='bbox 165 1694 246 1762; x_wconf 89' lang='lat' dir='ltr'><strong>oder</strong></span> <span class='ocrx_word' id='word_1_77' title='bbox 268 1696 410 1782; x_wconf 78' lang='lat' dir='ltr'><strong>wenigor</strong></span> <span class='ocrx_word' id='word_1_78' title='bbox 432 1697 599 1763; x_wconf 88' lang='lat' dir='ltr'><strong>bestimmt</strong></span> <span class='ocrx_word' id='word_1_79' title='bbox 621 1695 905 1784; x_wconf 77' lang='lat' dir='ltr'><strong>beabsiclrtigt“¹).</strong></span> <span class='ocrx_word' id='word_1_80' title='bbox 944 1696 1039 1776; x_wconf 82' lang='lat' dir='ltr'><strong>Quae</strong></span> <span class='ocrx_word' id='word_1_81' title='bbox 1059 1693 1218 1760; x_wconf 81' lang='lat' dir='ltr'><strong>sententia</strong></span> 
     </span>
     <span class='ocr_line' id='line_1_13' title="bbox 63 1805 1219 1896; baseline -0.002 -26"><span class='ocrx_word' id='word_1_82' title='bbox 63 1807 182 1896; x_wconf 87' lang='lat' dir='ltr'><strong>reliquis</strong></span> <span class='ocrx_word' id='word_1_83' title='bbox 214 1807 349 1894; x_wconf 87' lang='lat' dir='ltr'><strong>propius</strong></span> <span class='ocrx_word' id='word_1_84' title='bbox 377 1807 417 1873; x_wconf 87' lang='lat' dir='ltr'><strong>ad</strong></span> <span class='ocrx_word' id='word_1_85' title='bbox 445 1817 590 1874; x_wconf 84' lang='lat' dir='ltr'><strong>nostram</strong></span> <span class='ocrx_word' id='word_1_86' title='bbox 625 1805 761 1873; x_wconf 86' lang='lat' dir='ltr'><strong>accedit.</strong></span> <span class='ocrx_word' id='word_1_87' title='bbox 809 1805 878 1875; x_wconf 83' lang='lat' dir='ltr'><strong>Sed</strong></span> <span class='ocrx_word' id='word_1_88' title='bbox 906 1807 956 1874; x_wconf 88' lang='lat' dir='ltr'><strong>vir</strong></span> <span class='ocrx_word' id='word_1_89' title='bbox 984 1805 1219 1873; x_wconf 88' lang='lat' dir='ltr'><strong>eruditissimus</strong></span> 
     </span>
     <span class='ocr_line' id='line_1_14' title="bbox 63 1915 1222 2007; baseline -0.001 -26"><span class='ocrx_word' id='word_1_90' title='bbox 63 1937 98 1982; x_wconf 87' lang='lat' dir='ltr'><strong>aa</strong></span> <span class='ocrx_word' id='word_1_91' title='bbox 116 1919 296 2006; x_wconf 87' lang='lat' dir='ltr'><strong>periculum</strong></span> <span class='ocrx_word' id='word_1_92' title='bbox 319 1917 450 2007; x_wconf 87' lang='lat' dir='ltr'><strong>quidem</strong></span> <span class='ocrx_word' id='word_1_93' title='bbox 477 1920 556 1984; x_wconf 79' lang='lat' dir='ltr'><strong>feeit</strong></span> <span class='ocrx_word' id='word_1_94' title='bbox 583 1917 651 1984; x_wconf 85' lang='lat' dir='ltr'><strong>eius</strong></span> <span class='ocrx_word' id='word_1_95' title='bbox 680 1939 753 1984; x_wconf 90' lang='lat' dir='ltr'><strong>cnm</strong></span> <span class='ocrx_word' id='word_1_96' title='bbox 780 1917 890 1982; x_wconf 86' lang='lat' dir='ltr'><strong>verbis</strong></span> <span class='ocrx_word' id='word_1_97' title='bbox 911 1919 1096 1984; x_wconf 85' lang='lat' dir='ltr'><strong>Aristotelis</strong></span> <span class='ocrx_word' id='word_1_98' title='bbox 1118 1915 1222 1984; x_wconf 86' lang='lat' dir='ltr'><strong>conoi-</strong></span> 
     </span>
     <span class='ocr_line' id='line_1_15' title="bbox 63 2025 1220 2116; baseline 0 -24"><span class='ocrx_word' id='word_1_99' title='bbox 63 2025 196 2114; x_wconf 81' lang='lat' dir='ltr'><strong>lisndae3</strong></span> <span class='ocrx_word' id='word_1_100' title='bbox 230 2031 342 2116; x_wconf 86' lang='lat' dir='ltr'><strong>itaque</strong></span> <span class='ocrx_word' id='word_1_101' title='bbox 375 2053 452 2096; x_wconf 90' lang='lat' dir='ltr'><strong>num</strong></span> <span class='ocrx_word' id='word_1_102' title='bbox 485 2028 562 2095; x_wconf 90' lang='lat' dir='ltr'><strong>inde</strong></span> <span class='ocrx_word' id='word_1_103' title='bbox 591 2027 665 2094; x_wconf 89' lang='lat' dir='ltr'><strong>duci</strong></span> <span class='ocrx_word' id='word_1_104' title='bbox 695 2027 799 2114; x_wconf 84' lang='lat' dir='ltr'><strong>possit</strong></span> <span class='ocrx_word' id='word_1_105' title='bbox 825 2027 932 2096; x_wconf 90' lang='lat' dir='ltr'><strong>adhuc</strong></span> <span class='ocrx_word' id='word_1_106' title='bbox 960 2027 1107 2096; x_wconf 86' lang='lat' dir='ltr'><strong>dubitare</strong></span> <span class='ocrx_word' id='word_1_107' title='bbox 1135 2028 1220 2093; x_wconf 87' lang='lat' dir='ltr'><strong>licet.</strong></span> 
     </span>
     <span class='ocr_line' id='line_1_16' title="bbox 63 2135 1220 2229; baseline 0 -26"><span class='ocrx_word' id='word_1_108' title='bbox 63 2135 137 2204; x_wconf 83' lang='lat' dir='ltr'><strong>Sunt</strong></span> <span class='ocrx_word' id='word_1_109' title='bbox 158 2139 265 2221; x_wconf 88' lang='lat' dir='ltr'><strong>etiam,</strong></span> <span class='ocrx_word' id='word_1_110' title='bbox 289 2161 374 2228; x_wconf 87' lang='lat' dir='ltr'><strong>quae</strong></span> <span class='ocrx_word' id='word_1_111' title='bbox 397 2140 569 2229; x_wconf 82' lang='lat' dir='ltr'><strong>quominus</strong></span> <span class='ocrx_word' id='word_1_112' title='bbox 591 2139 678 2206; x_wconf 88' lang='lat' dir='ltr'><strong>idern</strong></span> <span class='ocrx_word' id='word_1_113' title='bbox 700 2137 877 2204; x_wconf 82' lang='lat' dir='ltr'><strong>sentiamus</strong></span> <span class='ocrx_word' id='word_1_114' title='bbox 894 2140 1025 2206; x_wconf 85' lang='lat' dir='ltr'><strong>obstare</strong></span> <span class='ocrx_word' id='word_1_115' title='bbox 1039 2138 1220 2204; x_wconf 86' lang='lat' dir='ltr'><strong>videantur.</strong></span> 
     </span>
     <span class='ocr_line' id='line_1_17' title="bbox 4 2245 1222 2338; baseline 0.002 -24"><span class='ocrx_word' id='word_1_116' title='bbox 4 2327 5 2332; x_wconf 8' lang='grc' dir='ltr'>γ</span> <span class='ocrx_word' id='word_1_117' title='bbox 63 2245 196 2316; x_wconf 86' lang='lat' dir='ltr'><strong>Primum</strong></span> <span class='ocrx_word' id='word_1_118' title='bbox 227 2249 328 2332; x_wconf 90' lang='lat' dir='ltr'><strong>enim,</strong></span> <span class='ocrx_word' id='word_1_119' title='bbox 356 2249 383 2316; x_wconf 89' lang='lat' dir='ltr'><strong>si</strong></span> <span class='ocrx_word' id='word_1_120' title='bbox 414 2273 498 2338; x_wconf 85' lang='lat' dir='ltr'><strong>quae</strong></span> <span class='ocrx_word' id='word_1_121' title='bbox 521 2249 717 2316; x_wconf 86' lang='lat' dir='ltr'><strong>Aristoteles</strong></span> <span class='ocrx_word' id='word_1_122' title='bbox 743 2248 784 2314; x_wconf 93' lang='lat' dir='ltr'><strong>de</strong></span> <span class='ocrx_word' id='word_1_123' title='bbox 812 2249 978 2316; x_wconf 86' lang='lat' dir='ltr'><strong>intellectu</strong></span> <span class='ocrx_word' id='word_1_124' title='bbox 1002 2261 1035 2316; x_wconf 87' lang='lat' dir='ltr'><strong>et</strong></span> <span class='ocrx_word' id='word_1_125' title='bbox 1056 2249 1166 2316; x_wconf 89' lang='lat' dir='ltr'><strong>divino</strong></span> <span class='ocrx_word' id='word_1_126' title='bbox 1190 2259 1222 2316; x_wconf 86' lang='lat' dir='ltr'><strong>et</strong></span> 
     </span>
     <span class='ocr_line' id='line_1_18' title="bbox 63 2358 1222 2449; baseline 0.003 -26"><span class='ocrx_word' id='word_1_127' title='bbox 63 2358 192 2428; x_wconf 80' lang='lat' dir='ltr'><strong>lemano</strong></span> <span class='ocrx_word' id='word_1_128' title='bbox 214 2361 340 2449; x_wconf 79' lang='lat' dir='ltr'><strong>profert</strong></span> <span class='ocrx_word' id='word_1_129' title='bbox 362 2360 614 2444; x_wconf 81' lang='lat' dir='ltr'><strong>consideramus,</strong></span> <span class='ocrx_word' id='word_1_130' title='bbox 636 2358 693 2424; x_wconf 83' lang='lat' dir='ltr'><strong>vix</strong></span> <span class='ocrx_word' id='word_1_131' title='bbox 715 2361 912 2448; x_wconf 86' lang='lat' dir='ltr'><strong>persuadere</strong></span> <span class='ocrx_word' id='word_1_132' title='bbox 934 2361 1027 2428; x_wconf 89' lang='lat' dir='ltr'><strong>nobis</strong></span> <span class='ocrx_word' id='word_1_133' title='bbox 1050 2383 1222 2448; x_wconf 87' lang='lat' dir='ltr'><strong>possumus</strong></span> 
     </span>
     <span class='ocr_line' id='line_1_19' title="bbox 4 2471 1221 2561; baseline -0.005 -17"><span class='ocrx_word' id='word_1_134' title='bbox 4 2513 5 2544; x_wconf 64' lang='lat' dir='ltr'><strong>r</strong></span> <span class='ocrx_word' id='word_1_135' title='bbox 63 2471 266 2556; x_wconf 84' lang='lat' dir='ltr'><strong>cogitationes</strong></span> <span class='ocrx_word' id='word_1_136' title='bbox 294 2474 459 2558; x_wconf 87' lang='lat' dir='ltr'><strong>segregari</strong></span> <span class='ocrx_word' id='word_1_137' title='bbox 487 2495 582 2561; x_wconf 87' lang='lat' dir='ltr'><strong>posse</strong></span> <span class='ocrx_word' id='word_1_138' title='bbox 609 2495 629 2537; x_wconf 87' lang='lat' dir='ltr'><strong>a</strong></span> <span class='ocrx_word' id='word_1_139' title='bbox 655 2480 776 2536; x_wconf 89' lang='lat' dir='ltr'><strong>mente.</strong></span> <span class='ocrx_word' id='word_1_140' title='bbox 821 2471 939 2559; x_wconf 88' lang='lat' dir='ltr'><strong>Itaque</strong></span> <span class='ocrx_word' id='word_1_141' title='bbox 966 2471 993 2536; x_wconf 89' lang='lat' dir='ltr'><strong>si</strong></span> <span class='ocrx_word' id='word_1_142' title='bbox 1026 2495 1098 2540; x_wconf 87' lang='lat' dir='ltr'><strong>cum</strong></span> <span class='ocrx_word' id='word_1_143' title='bbox 1120 2473 1221 2538; x_wconf 88' lang='lat' dir='ltr'><strong>Bran·</strong></span> 
     </span>
     <span class='ocr_line' id='line_1_20' title="bbox 4 2579 1224 2668; baseline 0 -22"><span class='ocrx_word' id='word_1_144' title='bbox 4 2623 5 2656; x_wconf 61' lang='lat' dir='ltr'><strong>r</strong></span> <span class='ocrx_word' id='word_1_145' title='bbox 63 2579 134 2648; x_wconf 75' lang='lat' dir='ltr'><strong>risio</strong></span> <span class='ocrx_word' id='word_1_146' title='bbox 164 2581 379 2668; x_wconf 83' lang='lat' dir='ltr'><strong>cogitationes</strong></span> <span class='ocrx_word' id='word_1_147' title='bbox 407 2583 458 2649; x_wconf 86' lang='lat' dir='ltr'><strong>dei</strong></span> <span class='ocrx_word' id='word_1_148' title='bbox 488 2583 521 2648; x_wconf 90' lang='lat' dir='ltr'><strong>in</strong></span> <span class='ocrx_word' id='word_1_149' title='bbox 549 2584 646 2648; x_wconf 88' lang='lat' dir='ltr'><strong>rebus</strong></span> <span class='ocrx_word' id='word_1_150' title='bbox 670 2579 749 2667; x_wconf 89' lang='lat' dir='ltr'><strong>ipsis</strong></span> <span class='ocrx_word' id='word_1_151' title='bbox 771 2580 878 2647; x_wconf 85' lang='lat' dir='ltr'><strong>inesse</strong></span> <span class='ocrx_word' id='word_1_152' title='bbox 901 2582 1087 2665; x_wconf 77' lang='lat' dir='ltr'><strong>statuimus,</strong></span> <span class='ocrx_word' id='word_1_153' title='bbox 1115 2605 1157 2648; x_wconf 90' lang='lat' dir='ltr'><strong>ne</strong></span> <span class='ocrx_word' id='word_1_154' title='bbox 1178 2581 1224 2646; x_wconf 90' lang='lat' dir='ltr'><strong>in·</strong></span> 
     </span>
     <span class='ocr_line' id='line_1_21' title="bbox 4 2689 1222 2781; baseline 0.005 -29"><span class='ocrx_word' id='word_1_155' title='bbox 4 2703 5 2708; x_wconf 75' lang='grc'>’</span> <span class='ocrx_word' id='word_1_156' title='bbox 62 2689 197 2758; x_wconf 80' lang='lat' dir='ltr'><strong>ridemus</strong></span> <span class='ocrx_word' id='word_1_157' title='bbox 219 2691 253 2758; x_wconf 91' lang='lat' dir='ltr'><strong>in</strong></span> <span class='ocrx_word' id='word_1_158' title='bbox 277 2693 525 2781; x_wconf 88' lang='lat' dir='ltr'><strong>panthcismom‚</strong></span> <span class='ocrx_word' id='word_1_159' title='bbox 549 2715 645 2779; x_wconf 87' lang='lat' dir='ltr'><strong>quem</strong></span> <span class='ocrx_word' id='word_1_160' title='bbox 671 2713 690 2756; x_wconf 88' lang='grc' dir='ltr'><strong>ι</strong></span> <span class='ocrx_word' id='word_1_161' title='bbox 713 2691 839 2758; x_wconf 83' lang='lat' dir='ltr'><strong>ratione</strong></span> <span class='ocrx_word' id='word_1_162' title='bbox 862 2693 1059 2760; x_wconf 83' lang='lat' dir='ltr'><strong>Aristotelea</strong></span> <span class='ocrx_word' id='word_1_163' title='bbox 1082 2694 1222 2759; x_wconf 85' lang='lat' dir='ltr'><strong>alienum</strong></span> 
     </span>
     <span class='ocr_line' id='line_1_22' title="bbox 62 2802 1223 2892; baseline 0.003 -28"><span class='ocrx_word' id='word_1_164' title='bbox 62 2821 124 2868; x_wconf 83' lang='lat' dir='ltr'><strong>erse</strong></span> <span class='ocrx_word' id='word_1_165' title='bbox 138 2802 204 2868; x_wconf 82' lang='lat' dir='ltr'><strong>iam</strong></span> <span class='ocrx_word' id='word_1_166' title='bbox 219 2825 319 2890; x_wconf 83' lang='lat' dir='ltr'><strong>supra</strong></span> <span class='ocrx_word' id='word_1_167' title='bbox 334 2805 527 2886; x_wconf 88' lang='lat' dir='ltr'><strong>monuimus,</strong></span> <span class='ocrx_word' id='word_1_168' title='bbox 551 2823 670 2890; x_wconf 86' lang='lat' dir='ltr'><strong>magno</strong></span> <span class='ocrx_word' id='word_1_169' title='bbox 686 2824 786 2892; x_wconf 88' lang='lat' dir='ltr'><strong>opere</strong></span> <span class='ocrx_word' id='word_1_170' title='bbox 802 2811 852 2870; x_wconf 87' lang='lat' dir='ltr'><strong>eat</strong></span> <span class='ocrx_word' id='word_1_171' title='bbox 868 2803 1058 2870; x_wconf 78' lang='lat' dir='ltr'><strong>verendum.</strong></span> <span class='ocrx_word' id='word_1_172' title='bbox 1094 2803 1223 2869; x_wconf 85' lang='lat' dir='ltr'><strong>Deinde</strong></span> 
     </span>
     <span class='ocr_line' id='line_1_23' title="bbox 63 2914 1223 3004; baseline 0.007 -32"><span class='ocrx_word' id='word_1_173' title='bbox 63 2931 125 2976; x_wconf 87' lang='lat' dir='ltr'><strong>com</strong></span> <span class='ocrx_word' id='word_1_174' title='bbox 148 2914 343 2980; x_wconf 85' lang='lat' dir='ltr'><strong>Aristoteles</strong></span> <span class='ocrx_word' id='word_1_175' title='bbox 369 2936 498 2982; x_wconf 89' lang='lat' dir='ltr'><strong>omnem</strong></span> <span class='ocrx_word' id='word_1_176' title='bbox 530 2917 744 2981; x_wconf 79' lang='lat' dir='ltr'><strong>mutationem</strong></span> <span class='ocrx_word' id='word_1_177' title='bbox 773 2925 961 3004; x_wconf 87' lang='lat' dir='ltr'><strong>motumque</strong></span> <span class='ocrx_word' id='word_1_178' title='bbox 985 2936 1004 2978; x_wconf 88' lang='lat' dir='ltr'><strong>a</strong></span> <span class='ocrx_word' id='word_1_179' title='bbox 1028 2914 1223 3000; x_wconf 82' lang='lat' dir='ltr'><strong>cogitatione</strong></span> 
     </span>
     <span class='ocr_line' id='line_1_24' title="bbox 62 3018 1223 3113; baseline 0.005 -29"><span class='ocrx_word' id='word_1_180' title='bbox 62 3018 106 3087; x_wconf 87' lang='lat' dir='ltr'><strong>dei</strong></span> <span class='ocrx_word' id='word_1_181' title='bbox 127 3024 243 3092; x_wconf 84' lang='lat' dir='ltr'><strong>abesse</strong></span> <span class='ocrx_word' id='word_1_182' title='bbox 265 3025 366 3108; x_wconf 85' lang='lat' dir='ltr'><strong>dicat,</strong></span> <span class='ocrx_word' id='word_1_183' title='bbox 394 3047 502 3092; x_wconf 86' lang='lat' dir='ltr'><strong>rerum</strong></span> <span class='ocrx_word' id='word_1_184' title='bbox 525 3024 722 3092; x_wconf 82' lang='lat' dir='ltr'><strong>mutationes</strong></span> <span class='ocrx_word' id='word_1_185' title='bbox 744 3025 802 3091; x_wconf 89' lang='lat' dir='ltr'><strong>vix</strong></span> <span class='ocrx_word' id='word_1_186' title='bbox 825 3035 975 3113; x_wconf 89' lang='lat' dir='ltr'><strong>repetere</strong></span> <span class='ocrx_word' id='word_1_187' title='bbox 998 3024 1074 3090; x_wconf 87' lang='lat' dir='ltr'><strong>licet</strong></span> <span class='ocrx_word' id='word_1_188' title='bbox 1098 3047 1117 3090; x_wconf 85' lang='grc' dir='ltr'><strong>ι</strong></span> <span class='ocrx_word' id='word_1_189' title='bbox 1139 3025 1223 3112; x_wconf 85' lang='lat' dir='ltr'><strong>cogi·</strong></span> 
     </span>
     <span class='ocr_line' id='line_1_25' title="bbox 4 3133 1222 3224; baseline 0.001 -24"><span class='ocrx_word' id='word_1_190' title='bbox 4 3167 5 3218; x_wconf 59' lang='grc' dir='ltr'><strong>ι</strong></span> <span class='ocrx_word' id='word_1_191' title='bbox 61 3133 228 3202; x_wconf 69' lang='lat' dir='ltr'><strong>orionibus</strong></span> <span class='ocrx_word' id='word_1_192' title='bbox 251 3134 369 3202; x_wconf 83' lang='lat' dir='ltr'><strong>divinis</strong></span> <span class='ocrx_word' id='word_1_193' title='bbox 385 3135 489 3222; x_wconf 87' lang='lat' dir='ltr'><strong>magis</strong></span> <span class='ocrx_word' id='word_1_194' title='bbox 506 3137 676 3224; x_wconf 88' lang='lat' dir='ltr'><strong>magisque</strong></span> <span class='ocrx_word' id='word_1_195' title='bbox 701 3160 792 3203; x_wconf 88' lang='lat' dir='ltr'><strong>suam</strong></span> <span class='ocrx_word' id='word_1_196' title='bbox 816 3147 966 3204; x_wconf 89' lang='lat' dir='ltr'><strong>naturam</strong></span> <span class='ocrx_word' id='word_1_197' title='bbox 982 3138 1014 3202; x_wconf 91' lang='lat' dir='ltr'><strong>in</strong></span> <span class='ocrx_word' id='word_1_198' title='bbox 1031 3135 1094 3202; x_wconf 89' lang='lat' dir='ltr'><strong>illia</strong></span> <span class='ocrx_word' id='word_1_199' title='bbox 1118 3138 1222 3223; x_wconf 86' lang='lat' dir='ltr'><strong>expri·</strong></span> 
     </span>
     <span class='ocr_line' id='line_1_26' title="bbox 4 3245 663 3335; baseline 0.009 -29"><span class='ocrx_word' id='word_1_200' title='bbox 4 3269 5 3302; x_wconf 77' lang='lat'>1</span> <span class='ocrx_word' id='word_1_201' title='bbox 61 3245 214 3314; x_wconf 82' lang='lat' dir='ltr'><strong>mentibus</strong></span> <span class='ocrx_word' id='word_1_202' title='bbox 237 3269 276 3312; x_wconf 87' lang='lat' dir='ltr'><strong>ao</strong></span> <span class='ocrx_word' id='word_1_203' title='bbox 297 3247 618 3335; x_wconf 86' lang='lat' dir='ltr'><strong>repraesentantibus</strong></span> <span class='ocrx_word' id='word_1_204' title='bbox 627 3247 663 3334; x_wconf 90' lang='lat'><strong>¹).</strong></span> 
     </span>
    </p>

    <p class='ocr_par' dir='ltr' id='par_1_4' title="bbox 4 3357 1223 4110">
     <span class='ocr_line' id='line_1_27' title="bbox 135 3357 1220 3446; baseline 0.003 -24"><span class='ocrx_word' id='word_1_205' title='bbox 135 3357 307 3424; x_wconf 86' lang='lat' dir='ltr'><strong>Postremo</strong></span> <span class='ocrx_word' id='word_1_206' title='bbox 331 3357 505 3422; x_wconf 81' lang='lat' dir='ltr'><strong>afferamus</strong></span> <span class='ocrx_word' id='word_1_207' title='bbox 529 3360 724 3424; x_wconf 86' lang='lat' dir='ltr'><strong>sententiam</strong></span> <span class='ocrx_word' id='word_1_208' title='bbox 748 3359 860 3446; x_wconf 89' lang='lat' dir='ltr'><strong>Kymii</strong></span> <span class='ocrx_word' id='word_1_209' title='bbox 885 3357 939 3446; x_wconf 89' lang='lat' dir='ltr'><strong>qui</strong></span> <span class='ocrx_word' id='word_1_210' title='bbox 966 3357 1118 3446; x_wconf 89' lang='lat' dir='ltr'><strong>placitum</strong></span> <span class='ocrx_word' id='word_1_211' title='bbox 1141 3359 1220 3427; x_wconf 89' lang='lat' dir='ltr'><strong>illud</strong></span> 
     </span>
     <span class='ocr_line' id='line_1_28' title="bbox 4 3464 1221 3557; baseline 0.009 -28"><span class='ocrx_word' id='word_1_212' title='bbox 4 3489 5 3494; x_wconf 48' lang='lat'>¹</span> <span class='ocrx_word' id='word_1_213' title='bbox 63 3464 300 3533; x_wconf 75' lang='lat' dir='ltr'><strong>Aristotelcom:</strong></span> <span class='ocrx_word' id='word_1_214' title='bbox 328 3467 380 3533; x_wconf 87' lang='lat' dir='ltr'><strong>dei</strong></span> <span class='ocrx_word' id='word_1_215' title='bbox 406 3468 636 3552; x_wconf 75' lang='lat' dir='ltr'><strong>cogitationem</strong></span> <span class='ocrx_word' id='word_1_216' title='bbox 660 3491 731 3534; x_wconf 86' lang='lat' dir='ltr'><strong>esse</strong></span> <span class='ocrx_word' id='word_1_217' title='bbox 755 3468 958 3554; x_wconf 81' lang='lat' dir='ltr'><strong>cogitationis</strong></span> <span class='ocrx_word' id='word_1_218' title='bbox 981 3471 1221 3557; x_wconf 78' lang='lat' dir='ltr'><strong>cogitationem,</strong></span> 
     </span>
     <span class='ocr_line' id='line_1_29' title="bbox 4 3570 1220 3666; baseline 0.008 -28"><span class='ocrx_word' id='word_1_219' title='bbox 4 3591 6 3606; x_wconf 59' lang='lat'>⁸</span> <span class='ocrx_word' id='word_1_220' title='bbox 61 3570 99 3638; x_wconf 83' lang='lat' dir='ltr'><strong>ita</strong></span> <span class='ocrx_word' id='word_1_221' title='bbox 118 3577 290 3664; x_wconf 85' lang='lat' dir='ltr'><strong>intellegit,</strong></span> <span class='ocrx_word' id='word_1_222' title='bbox 312 3589 349 3644; x_wconf 89' lang='lat' dir='ltr'><strong>nt</strong></span> <span class='ocrx_word' id='word_1_223' title='bbox 372 3577 451 3644; x_wconf 86' lang='lat' dir='ltr'><strong>deus</strong></span> <span class='ocrx_word' id='word_1_224' title='bbox 475 3579 648 3666; x_wconf 88' lang='lat' dir='ltr'><strong>cogitando</strong></span> <span class='ocrx_word' id='word_1_225' title='bbox 671 3603 779 3645; x_wconf 86' lang='lat' dir='ltr'><strong>rerum</strong></span> <span class='ocrx_word' id='word_1_226' title='bbox 803 3590 836 3645; x_wconf 90' lang='lat' dir='ltr'><strong>et</strong></span> <span class='ocrx_word' id='word_1_227' title='bbox 855 3581 974 3646; x_wconf 87' lang='lat' dir='ltr'><strong>formas</strong></span> <span class='ocrx_word' id='word_1_228' title='bbox 998 3590 1030 3644; x_wconf 91' lang='lat' dir='ltr'><strong>et</strong></span> <span class='ocrx_word' id='word_1_229' title='bbox 1051 3582 1220 3649; x_wconf 76' lang='lat' dir='ltr'><strong>materiam</strong></span> 
     </span>
     <span class='ocr_line' id='line_1_30' title="bbox 4 3673 1222 3777; baseline 0.006 -26"><span class='ocrx_word' id='word_1_230' title='bbox 4 3673 5 3696; x_wconf 36' lang='lat' dir='ltr'><strong>l</strong></span> <span class='ocrx_word' id='word_1_231' title='bbox 61 3699 214 3768; x_wconf 80' lang='lat' dir='ltr'><strong>procreet.</strong></span> <span class='ocrx_word' id='word_1_232' title='bbox 259 3689 317 3754; x_wconf 83' lang='lat' dir='ltr'><strong>Ait</strong></span> <span class='ocrx_word' id='word_1_233' title='bbox 338 3687 437 3754; x_wconf 88' lang='lat' dir='ltr'><strong>enim:</strong></span> <span class='ocrx_word' id='word_1_234' title='bbox 461 3691 529 3776; x_wconf 77' lang='lat' dir='ltr'><strong>„Es</strong></span> <span class='ocrx_word' id='word_1_235' title='bbox 551 3689 594 3755; x_wconf 91' lang='lat' dir='ltr'><strong>ist</strong></span> <span class='ocrx_word' id='word_1_236' title='bbox 614 3689 744 3777; x_wconf 80' lang='lat' dir='ltr'><strong>richtig,</strong></span> <span class='ocrx_word' id='word_1_237' title='bbox 767 3689 842 3755; x_wconf 83' lang='lat' dir='ltr'><strong>dass</strong></span> <span class='ocrx_word' id='word_1_238' title='bbox 862 3690 1054 3755; x_wconf 84' lang='lat' dir='ltr'><strong>Aristoteles</strong></span> <span class='ocrx_word' id='word_1_239' title='bbox 1070 3691 1153 3758; x_wconf 86' lang='lat' dir='ltr'><strong>Gott</strong></span> <span class='ocrx_word' id='word_1_240' title='bbox 1175 3693 1222 3758; x_wconf 88' lang='lat' dir='ltr'><strong>als</strong></span> 
     </span>
     <span class='ocr_line' id='line_1_31' title="bbox 4 3794 1223 3887; baseline 0.007 -30"><span class='ocrx_word' id='word_1_241' title='bbox 4 3879 5 3884; x_wconf 8' lang='grc' dir='ltr'>ἵ</span> <span class='ocrx_word' id='word_1_242' title='bbox 61 3794 164 3864; x_wconf 88' lang='lat' dir='ltr'><strong>roinen</strong></span> <span class='ocrx_word' id='word_1_243' title='bbox 188 3797 284 3866; x_wconf 86' lang='lat' dir='ltr'><strong>Geiat</strong></span> <span class='ocrx_word' id='word_1_244' title='bbox 306 3798 486 3884; x_wconf 89' lang='lat' dir='ltr'><strong>bestimmt,</strong></span> <span class='ocrx_word' id='word_1_245' title='bbox 516 3799 631 3866; x_wconf 84' lang='lat' dir='ltr'><strong>dassen</strong></span> <span class='ocrx_word' id='word_1_246' title='bbox 654 3800 844 3887; x_wconf 78' lang='lat' dir='ltr'><strong>Thatigkeit</strong></span> <span class='ocrx_word' id='word_1_247' title='bbox 866 3799 1016 3885; x_wconf 88' lang='lat' dir='ltr'><strong>lediglich</strong></span> <span class='ocrx_word' id='word_1_248' title='bbox 1040 3801 1132 3866; x_wconf 86' lang='lat' dir='ltr'><strong>daria</strong></span> <span class='ocrx_word' id='word_1_249' title='bbox 1157 3803 1223 3868; x_wconf 87' lang='lat' dir='ltr'><strong>auf·</strong></span> 
     </span>
     <span class='ocr_line' id='line_1_32' title="bbox 59 3906 1223 3991; baseline 0.006 -20"><span class='ocrx_word' id='word_1_250' title='bbox 59 3906 144 3991; x_wconf 79' lang='lat' dir='ltr'><strong>geht,</strong></span> <span class='ocrx_word' id='word_1_251' title='bbox 173 3907 249 3975; x_wconf 85' lang='lat' dir='ltr'><strong>dass</strong></span> <span class='ocrx_word' id='word_1_252' title='bbox 276 3931 312 3976; x_wconf 88' lang='lat' dir='ltr'><strong>er</strong></span> <span class='ocrx_word' id='word_1_253' title='bbox 339 3910 408 3976; x_wconf 84' lang='lat' dir='ltr'><strong>sich</strong></span> <span class='ocrx_word' id='word_1_254' title='bbox 436 3909 544 3978; x_wconf 84' lang='lat' dir='ltr'><strong>selber</strong></span> <span class='ocrx_word' id='word_1_255' title='bbox 572 3911 674 3976; x_wconf 87' lang='lat' dir='ltr'><strong>denkt</strong></span> <span class='ocrx_word' id='word_1_256' title='bbox 699 3957 835 3976; x_wconf 90' lang='grc'><strong>.....</strong></span> <span class='ocrx_word' id='word_1_257' title='bbox 880 3909 993 3976; x_wconf 87' lang='lat' dir='ltr'><strong>lndess</strong></span> <span class='ocrx_word' id='word_1_258' title='bbox 1022 3912 1104 3976; x_wconf 87' lang='lat' dir='ltr'><strong>auch</strong></span> <span class='ocrx_word' id='word_1_259' title='bbox 1134 3909 1223 3978; x_wconf 88' lang='lat' dir='ltr'><strong>diese</strong></span> 
     </span>
     <span class='ocr_line' id='line_1_33' title="bbox 61 4012 1222 4110; baseline 0.006 -28"><span class='ocrx_word' id='word_1_260' title='bbox 61 4012 205 4106; x_wconf 79' lang='lat' dir='ltr'><strong>Fassnng</strong></span> <span class='ocrx_word' id='word_1_261' title='bbox 226 4027 310 4086; x_wconf 81' lang='lat' dir='ltr'><strong>aetat</strong></span> <span class='ocrx_word' id='word_1_262' title='bbox 332 4021 396 4088; x_wconf 86' lang='lat' dir='ltr'><strong>den</strong></span> <span class='ocrx_word' id='word_1_263' title='bbox 419 4019 597 4110; x_wconf 79' lang='lat' dir='ltr'><strong>gltttlichcn</strong></span> <span class='ocrx_word' id='word_1_264' title='bbox 614 4017 709 4085; x_wconf 82' lang='lat' dir='ltr'><strong>Geist</strong></span> <span class='ocrx_word' id='word_1_265' title='bbox 723 4021 807 4086; x_wconf 89' lang='lat' dir='ltr'><strong>noch</strong></span> <span class='ocrx_word' id='word_1_266' title='bbox 826 4020 1048 4106; x_wconf 84' lang='lat' dir='ltr'><strong>keinesweges</strong></span> <span class='ocrx_word' id='word_1_267' title='bbox 1070 4022 1102 4086; x_wconf 93' lang='lat' dir='ltr'><strong>in</strong></span> <span class='ocrx_word' id='word_1_268' title='bbox 1127 4020 1222 4088; x_wconf 87' lang='lat' dir='ltr'><strong>einen</strong></span> 
     </span>
    </p>
   </div>
   <div class='ocr_carea' id='block_1_4' title="bbox 4 4207 1225 4552">
    <p class='ocr_par' dir='ltr' id='par_1_5' title="bbox 4 4207 1225 4376">
     <span class='ocr_line' id='line_1_34' title="bbox 4 4207 1225 4291; baseline 0.003 -23"><span class='ocrx_word' id='word_1_269' title='bbox 4 4207 6 4260; x_wconf 72' lang='grc' dir='ltr'>ἰ</span> <span class='ocrx_word' id='word_1_270' title='bbox 61 4213 109 4282; x_wconf 75' lang='grc' dir='ltr'><strong>γὰρ</strong></span> <span class='ocrx_word' id='word_1_271' title='bbox 125 4215 219 4286; x_wconf 69' lang='grc' dir='ltr'><strong><em>μηθὲν</em></strong></span> <span class='ocrx_word' id='word_1_272' title='bbox 236 4221 306 4282; x_wconf 77' lang='grc' dir='ltr'><em>νοεῖ,</em></span> <span class='ocrx_word' id='word_1_273' title='bbox 325 4225 352 4272; x_wconf 74' lang='grc' dir='ltr'><strong>τί</strong></span> <span class='ocrx_word' id='word_1_274' title='bbox 368 4213 403 4274; x_wconf 77' lang='grc' dir='ltr'><strong>ἂν</strong></span> <span class='ocrx_word' id='word_1_275' title='bbox 422 4223 462 4286; x_wconf 64' lang='lat' dir='ltr'><strong>sla</strong></span> <span class='ocrx_word' id='word_1_276' title='bbox 481 4217 511 4273; x_wconf 76' lang='grc' dir='ltr'><strong>τὸ</strong></span> <span class='ocrx_word' id='word_1_277' title='bbox 532 4215 644 4291; x_wconf 80' lang='grc' dir='ltr'><strong><em>σεμνόν.</em></strong></span> <span class='ocrx_word' id='word_1_278' title='bbox 686 4223 737 4276; x_wconf 78' lang='lat' dir='ltr'><strong>Sed</strong></span> <span class='ocrx_word' id='word_1_279' title='bbox 755 4224 829 4276; x_wconf 87' lang='lat' dir='ltr'><strong>illam</strong></span> <span class='ocrx_word' id='word_1_280' title='bbox 848 4222 1005 4274; x_wconf 81' lang='lat' dir='ltr'><strong>sententiam</strong></span> <span class='ocrx_word' id='word_1_281' title='bbox 1025 4221 1052 4271; x_wconf 87' lang='lat' dir='ltr'><strong>in</strong></span> <span class='ocrx_word' id='word_1_282' title='bbox 1070 4219 1114 4271; x_wconf 88' lang='lat' dir='ltr'><strong>his</strong></span> <span class='ocrx_word' id='word_1_283' title='bbox 1133 4220 1225 4272; x_wconf 79' lang='lat' dir='ltr'><strong>vorbis</strong></span> 
     </span>
     <span class='ocr_line' id='line_1_35' title="bbox 4 4303 1196 4376; baseline 0.006 -22"><span class='ocrx_word' id='word_1_284' title='bbox 4 4303 6 4376; x_wconf 63' lang='grc' dir='ltr'><em>ζ</em></span> <span class='ocrx_word' id='word_1_285' title='bbox 62 4303 144 4358; x_wconf 81' lang='lat' dir='ltr'><strong>inesse</strong></span> <span class='ocrx_word' id='word_1_286' title='bbox 161 4323 214 4360; x_wconf 90' lang='lat' dir='ltr'><strong>non</strong></span> <span class='ocrx_word' id='word_1_287' title='bbox 233 4323 311 4375; x_wconf 83' lang='lat' dir='ltr'><strong>posse</strong></span> <span class='ocrx_word' id='word_1_288' title='bbox 330 4310 462 4361; x_wconf 83' lang='lat' dir='ltr'><strong>versiam</strong></span> <span class='ocrx_word' id='word_1_289' title='bbox 481 4311 583 4361; x_wconf 87' lang='lat' dir='ltr'><strong>monuit</strong></span> <span class='ocrx_word' id='word_1_290' title='bbox 602 4309 730 4374; x_wconf 81' lang='lat' dir='ltr'><strong>Zellarus,</strong></span> <span class='ocrx_word' id='word_1_291' title='bbox 750 4311 782 4362; x_wconf 85' lang='lat' dir='ltr'><strong>cl.</strong></span> <span class='ocrx_word' id='word_1_292' title='bbox 802 4311 870 4362; x_wconf 86' lang='lat' dir='ltr'><strong>Phil.</strong></span> <span class='ocrx_word' id='word_1_293' title='bbox 890 4311 914 4362; x_wconf 91' lang='lat' dir='ltr'><strong>d.</strong></span> <span class='ocrx_word' id='word_1_294' title='bbox 935 4310 979 4360; x_wconf 82' lang='lat' dir='ltr'><strong>Gr.</strong></span> <span class='ocrx_word' id='word_1_295' title='bbox 999 4307 1033 4372; x_wconf 88' lang='lat' dir='ltr'><strong>ll,</strong></span> <span class='ocrx_word' id='word_1_296' title='bbox 1053 4313 1077 4362; x_wconf 76' lang='lat' dir='ltr'><strong>t.</strong></span> <span class='ocrx_word' id='word_1_297' title='bbox 1097 4325 1122 4376; x_wconf 75' lang='lat' dir='ltr'><strong>p,</strong></span> <span class='ocrx_word' id='word_1_298' title='bbox 1134 4309 1196 4360; x_wconf 77' lang='lat'>28³.</span> 
     </span>
    </p>

    <p class='ocr_par' dir='ltr' id='par_1_6' title="bbox 4 4393 797 4464">
     <span class='ocr_line' id='line_1_36' title="bbox 4 4393 797 4464; baseline 0.004 -18"><span class='ocrx_word' id='word_1_299' title='bbox 4 4415 5 4446; x_wconf 66' lang='grc' dir='ltr'><strong>ι</strong></span> <span class='ocrx_word' id='word_1_300' title='bbox 132 4393 151 4458; x_wconf 86' lang='lat'><strong>¹)</strong></span> <span class='ocrx_word' id='word_1_301' title='bbox 169 4395 292 4450; x_wconf 73' lang='lat' dir='ltr'><strong>Brauon.</strong></span> <span class='ocrx_word' id='word_1_302' title='bbox 311 4395 493 4450; x_wconf 63' lang='lat' dir='ltr'><strong>(tn-roem.</strong></span> <span class='ocrx_word' id='word_1_303' title='bbox 510 4397 581 4448; x_wconf 77' lang='lat' dir='ltr'><strong>Phil.</strong></span> <span class='ocrx_word' id='word_1_304' title='bbox 600 4397 636 4460; x_wconf 88' lang='lat' dir='ltr'><strong>ll,</strong></span> <span class='ocrx_word' id='word_1_305' title='bbox 656 4401 680 4448; x_wconf 79' lang='lat'><strong>2.</strong></span> <span class='ocrx_word' id='word_1_306' title='bbox 699 4414 725 4464; x_wconf 88' lang='lat' dir='ltr'><strong>p.</strong></span> <span class='ocrx_word' id='word_1_307' title='bbox 736 4401 797 4450; x_wconf 79' lang='lat' dir='ltr'><strong>om.</strong></span> 
     </span>
    </p>

    <p class='ocr_par' dir='ltr' id='par_1_7' title="bbox 4 4469 776 4552">
     <span class='ocr_line' id='line_1_37' title="bbox 4 4469 776 4552; baseline 0 -16"><span class='ocrx_word' id='word_1_308' title='bbox 4 4469 5 4502; x_wconf 65' lang='lat'>¹</span> <span class='ocrx_word' id='word_1_309' title='bbox 129 4481 776 4552; x_wconf 56' lang='lat' dir='ltr'><strong>ommmrmcmmaamm</strong></span> 
     </span>
    </p>
   </div>
   <div class='ocr_carea' id='block_1_5' title="bbox 1001 4579 1021 4644">
    <p class='ocr_par' dir='ltr' id='par_1_8' title="bbox 1001 4579 1021 4644">
     <span class='ocr_line' id='line_1_38' title="bbox 1001 4579 1021 4644; baseline 0 0"><span class='ocrx_word' id='word_1_310' title='bbox 1001 4579 1021 4644; x_wconf 76' lang='lat'><strong>7</strong></span> 
     </span>
    </p>
   </div>
   <div class='ocr_carea' id='block_1_6' title="bbox 0 0 1440 5076">
    <p class='ocr_par' dir='ltr' id='par_1_9' title="bbox 0 0 1440 5076">
     <span class='ocr_line' id='line_1_39' title="bbox 0 0 1440 5076; baseline 0 1"><span class='ocrx_word' id='word_1_311' title='bbox 0 0 1440 5076; x_wconf 95' lang='lat' dir='ltr'><strong> </strong></span> 
     </span>
    </p>
   </div>
  </div>
 </body>
</html>
