2966 5072
678 477 715 535 71

178 655 202 698 a
222 635 286 700 viro
309 634 405 701 docto
427 636 507 704 inita
529 641 623 706 ratio.
670 641 871 726 Quamquam
894 647 977 710 enim
1000 645 1198 712 hauddubie

177 741 413 808 eoncedendum
436 745 499 826 est,
530 743 715 811 Ciceronem
735 748 839 814 multa
860 771 898 815 ex
919 750 1020 832 ipsius
1041 750 1198 816 Aristote-

178 846 218 911 lis
240 847 369 931 scriptis
390 847 452 914 sibi
474 851 686 933 assumpsisse
697 851 757 937 ¹⁶⁵)
789 854 823 918 in
844 853 967 938 hosque
997 854 1037 920 de
1060 854 1197 920 Oratore

178 947 276 1016 libros
301 950 478 1033 derivasse,
501 958 609 1018 tamen
631 975 710 1019 usus
731 953 800 1039 ipse
822 957 950 1040 linguae
965 956 1097 1023 obstare
1118 957 1196 1022 mibi

180 1056 317 1136 ridetur,
353 1076 417 1139 quo
450 1057 555 1122 minus
588 1057 693 1124 locum
714 1060 764 1124 ita
791 1061 1021 1145 intelligamus,
1051 1067 1088 1126 ut
1111 1062 1196 1145 quod

179 1159 243 1224 rult
264 1159 392 1225 efficere
406 1159 590 1245 Koenigius,
613 1149 765 1247 consequi
785 1166 956 1247 possimus.
1000 1165 1088 1230 Dicit
1112 1166 1196 1230 enim

178 1263 288 1330 Cicero
311 1267 490 1328 Aristotelio
511 1285 598 1329 more
619 1269 652 1328 iu
673 1269 881 1348 disputatione
903 1290 943 1332 ac
957 1271 1084 1352 dialogo
1096 1268 1196 1334 libros

176 1369 216 1434 de
238 1369 377 1434 Oratore
407 1387 485 1433 ase
507 1367 690 1434 elaboratos
720 1391 808 1451 esse,
841 1369 902 1436 hoc
932 1376 997 1452 est,
1029 1392 1066 1436 eo
1096 1393 1195 1451 more,

176 1493 272 1557 quem
294 1469 480 1537 Aristotelis
502 1473 536 1536 in
563 1473 758 1556 disputando
787 1474 886 1540 fuisse
916 1473 1098 1540 crediderit.
1143 1477 1196 1540 Vi-

176 1577 273 1642 detur
295 1582 405 1642 autem
427 1597 465 1644 ea
485 1597 583 1642 causa
604 1578 653 1642 vir
669 1577 791 1659 doctus,
815 1584 851 1643 ut
866 1579 914 1644 ita
931 1584 1099 1659 statueret,
1125 1602 1195 1664 per-

176 1685 282 1746 motus
305 1701 393 1760 esse,
416 1679 502 1764 quod
525 1679 635 1746 Cicero
657 1681 727 1764 ipse
748 1682 783 1746 in
804 1682 952 1765 Epistola
973 1684 1029 1748 illa
1051 1685 1093 1749 ad
1114 1685 1195 1749 Len-

175 1785 288 1865 tulum,
311 1805 409 1867 quam
431 1786 560 1868 saepius
578 1789 647 1870 jam
670 1787 1001 1868 commemoravimus,
1029 1788 1064 1852 in
1081 1787 1132 1852 his
1155 1787 1196 1853 dc

177 1889 316 1955 Oratore
338 1889 429 1954 libris
459 1910 584 1954 omnem
616 1890 823 1973 antiquorum
851 1896 884 1954 et
912 1891 1133 1956 Aristoteliam
1163 1899 1196 1956 et
1234 1889 1237 1894 ’

175 1995 364 2061 [socratium
385 1995 544 2060 rationem
566 1995 741 2060 oratoriam
763 2015 798 2060 ee
813 1994 1012 2080 complexum
1030 2015 1099 2059 esse
1121 2016 1194 2078 pro·

175 2102 322 2182 fitentur3
359 2120 435 2165 nam
468 2103 577 2164 censet
612 2099 823 2164 »Aristotelio
860 2121 949 2165 more
988 2099 1128 2165 scribere
1162 2105 1195 2163 et

174 2227 302 2274 omnem
319 2204 541 2271 Aristoteliam
558 2205 717 2269 rationem
733 2205 910 2269 oratoriam
932 2203 1101 2286 complecti
1115 2203 1196 2268 nihil

174 2312 351 2398 quidquam
372 2311 588 2392 discrepare«.
634 2307 727 2386 Quod
747 2309 843 2394 plane
866 2330 958 2374 secus
975 2330 1046 2375 esse
1058 2309 1195 2374 ridetur.

174 2417 257 2483 llam
287 2416 373 2500 quod
396 2411 508 2480 Oicero
539 2433 573 2477 se
600 2433 725 2478 omnem
756 2413 804 2478 ait
831 2414 1037 2496 antiquorum
1070 2419 1103 2478 et
1125 2415 1196 2477 Ari-

173 2521 335 2588 stoteliam
358 2524 391 2586 et
412 2517 601 2583 Isocratiam
625 2517 784 2582 rationem
805 2517 981 2582 oratoriam
996 2518 1195 2601 complexum

173 2647 259 2706 csse,
281 2623 362 2690 nihil
382 2623 453 2688 vult
473 2621 541 2688 fere
563 2617 651 2686 aliud
673 2619 869 2704 significare,
892 2621 970 2702 nisi,
1001 2621 1119 2705 quibus
1140 2621 1196 2686 isti

173 2737 207 2796 et
228 2728 422 2796 Aristoteles
452 2732 485 2792 et
505 2725 665 2792 Isocrates
695 2730 728 2790 et
757 2744 865 2789 omnes
894 2729 1018 2790 veteres
1047 2724 1196 2790 doctores

172 2833 363 2916 dicendique
385 2831 532 2915 magistri
553 2829 672 2896 finibus
694 2834 799 2894 artem
820 2829 995 2896 oratoriam
1016 2830 1115 2896 veluti
1130 2837 1195 2896 ter-

171 2939 268 3004 minis
304 2934 612 3017 circumscripserint
644 2953 802 3017 quemque
835 2933 864 2998 ei
891 2933 1083 3000 latissimum
1112 2955 1195 3000 cam·

172 3063 269 3126 pum,
307 3042 428 3123 inquo
450 3039 592 3103 exerceri
615 3037 752 3119 debeat,
788 3037 978 3118 tribuerint,
1019 3040 1196 3104 rectissime

171 3169 248 3214 eum
267 3146 316 3212 illi
338 3146 402 3210 arti
426 3139 664 3208 concedendum
683 3140 785 3206 videri
813 3161 912 3225 seque
942 3162 997 3208 eos
1026 3144 1060 3208 in
1093 3163 1132 3208 ea
1161 3163 1196 3206 re

172 3256 321 3318 secutum
342 3269 423 3314 cese.
467 3247 510 3311 Et
531 3250 640 3330 potest
653 3244 688 3310 id
701 3244 795 3312 facile
809 3245 955 3328 intelligi.
999 3245 1083 3310 Nam
1097 3246 1196 3312 brisso

168 3359 239 3440 jam
263 3353 425 3418 Ciceronis
448 3349 647 3434 temporibus
670 3354 703 3415 et
732 3355 845 3430 antea,
878 3349 935 3433 qui
956 3349 1220 3432 angustioribus.

172 3457 293 3525 finibus
316 3462 421 3522 artem
442 3455 619 3520 oratoriam
633 3452 843 3534 includerent,
867 3452 1026 3518 exmultis
1041 3452 1198 3522 librorum

171 3563 214 3630 de
236 3561 375 3626 Oratore
395 3557 476 3624 locis
497 3558 637 3641 perspici
657 3560 775 3640 potest.
821 3555 905 3634 Quid
927 3558 1012 3622 enim
1034 3555 1197 3637 Crassum,

170 3669 265 3754 cujus
288 3685 328 3730 cx
350 3683 406 3732 ore
429 3661 499 3728 sine
530 3660 627 3728 dubio
651 3658 764 3726 Cicero
793 3659 864 3742 ipse
892 3658 1051 3742 loquitur,
1087 3681 1197 3726 censes

169 3775 321 3855 spectare
355 3765 477 3834 talibus
510 3763 604 3830 dictis
643 3763 730 3830 velut
759 3761 825 3828 his:
871 3762 1042 3830 Oratorem
1069 3764 1198 3849 plenum

169 3881 273 3958 atque
294 3870 471 3956 perfectum
495 3889 564 3936 csse
585 3889 657 3934 eum
678 3867 801 3948 dicam,
831 3869 886 3953 qui
916 3867 957 3934 de
979 3869 1126 3936 omnibus
1149 3891 1197 3934 re-

197 4000 385 4010 ----·—---·--

248 4063 315 4134 163)
338 4067 441 4118 cnemis
463 4075 555 4130 praeta
578 4067 620 4120 ulia
646 4066 772 4118 amunte
795 4067 879 4131 suipra
903 4065 969 4116 ctiam
994 4069 1045 4130 ejus
1070 4066 1197 4120 rhetorica

169 4175 218 4208 uon
237 4157 351 4218 incognita
368 4157 440 4208 [uisu
457 4155 523 4208 dccet
542 4157 661 4210 διψία
679 4156 824 4210 Aristotelia
839 4157 872 4218 ll,
886 4170 910 4220 p.
933 4155 982 4210 152
1001 4171 1038 4220 sq.
