2870 5076
546 439 750 519 ,29-

88 635 171 682 mum.
215 611 346 680 Etenim
375 619 523 679 usturam
557 611 677 700 puriter
709 619 806 698 etque
839 609 1001 676 homiuem
1034 609 1226 698 prudentem

87 724 258 812 unicnique,
288 722 421 811 quenti
443 723 559 810 possit,
586 721 747 806 tribuere3
774 743 849 787 nem
879 721 982 810 magis
1004 721 1175 788 convenire
1197 720 1226 786 ei

87 833 131 922 qui
150 833 235 900 tibiis
258 856 374 900 cunero
396 834 478 899 scint
499 831 593 897 tibiae
617 830 703 914 dere,
732 853 827 919 quum
850 832 905 920 qui
927 831 1022 898 tibine
1044 831 1173 913 habeut,
1197 835 1226 896 ei

87 942 249 1011 concedere
271 951 372 1010 ortem
396 943 482 1010 tibiis
501 941 645 1008 canendi.
680 943 764 1008 Num
781 942 810 1008 ei
827 941 913 1030 quod
934 941 1037 1008 maius
1061 951 1093 1008 et
1115 941 1228 1009 melius

86 1055 119 1120 sit
136 1065 279 1120 notorum
308 1053 450 1121 tribuere
477 1053 647 1137 inferiora,
678 1052 811 1118 minime
833 1073 911 1118 vero
935 1053 964 1118 ei
987 1050 1072 1140 qnod
1095 1051 1227 1118 inferius

86 1164 119 1230 sit
136 1164 265 1232 meliors
287 1187 325 1231 sc
346 1163 592 1253 praestantiore.
628 1163 764 1251 „itaque
786 1163 848 1228 hec
862 1161 1016 1246 retione,“
1041 1163 1156 1251 inquit,
1181 1162 1228 1248 „si

86 1297 126 1340 res
146 1295 178 1340 se
199 1275 298 1341 hebet
319 1273 447 1358 melius,
477 1281 594 1340 nature
624 1282 732 1339 eutem
760 1295 803 1340 ex
825 1272 863 1338 iis
886 1293 970 1361 quoe
1000 1272 1069 1338 fieri
1092 1282 1229 1360 possunt

86 1383 150 1451 iecit
168 1385 199 1452 id
221 1383 309 1474 quod
330 1386 488 1473 optimum
511 1392 573 1467 est,
596 1405 661 1450 uon
683 1393 816 1472 propter
838 1404 953 1449 manus
975 1383 1070 1449 homo
1094 1393 1142 1448 cet
1164 1381 1230 1448 uni·

85 1495 135 1560 mul
154 1495 435 1584 sapientissimum,
457 1495 555 1562 immo
578 1493 850 1582 sapientissimum
873 1515 946 1560 cnm
970 1492 1012 1559 eit
1033 1492 1230 1571 enimetin·

85 1615 210 1672 cunctus
233 1614 283 1672 est
304 1605 462 1672 menibus.
510 1605 542 1671 Is
558 1604 645 1671 enim
663 1605 717 1693 qui
735 1602 988 1692 sapientissimus
1011 1613 1059 1668 est
1081 1603 1227 1692 plurimis

85 1713 152 1782 bene
173 1716 218 1784 nti
240 1725 348 1805 potest
362 1715 593 1799 instrumentis,
618 1738 747 1782 monum
764 1735 922 1781 veronen
940 1735 1039 1780 unum
1055 1712 1111 1778 sed
1128 1713 1228 1778 multe

84 1825 280 1892 instrumenta
302 1847 374 1892 esse
396 1837 541 1915 apparet.
586 1827 670 1893 Nem
700 1833 854 1910 tunquam
884 1824 1131 1892 instrumentum
1152 1831 1227 1890 ente

84 1933 278 2005 instrumente
301 1947 367 2019 est,
394 1939 485 2004 ono:
513 1937 585 2006 ἔστι
615 1936 678 2024 γὰρ
701 1927 848 2021 ὡσπερεὶ
870 1925 1011 2021 iiqyuoer
1033 1931 1100 2021 πρὸ
1123 1926 1226 2021 ὀργά-

83 2067 143 2110 rus.
184 2045 225 2112 lei
253 2045 354 2133 igitur
383 2045 439 2132 qui
471 2049 626 2136 plurimus
653 2056 739 2113 artes
767 2053 908 2112 tractore
937 2043 997 2112 suit
1018 2053 1134 2112 nature
1156 2068 1230 2113 con·

84 2157 164 2222 cessit
183 2179 332 2240 monum,
362 2179 435 2223 cum
467 2158 508 2226 sit
529 2158 778 2226 instrumentum
801 2154 834 2221 id
857 2154 946 2244 quod
967 2154 1105 2243 plurime
1127 2155 1230 2242 possit

83 2265 225 2332 mesre!

155 2377 209 2446 Sic
226 2377 259 2444 id
276 2375 363 2465 quod
384 2377 547 2444 inferioris
570 2386 620 2444 est
641 2376 763 2444 ordinis
786 2375 904 2463 potiori
919 2398 958 2443 se
972 2375 1098 2444 meliori
1120 2376 1229 2444 servit.

82 2483 185 2574 Neque
215 2487 321 2554 minus
349 2486 384 2554 id
415 2511 457 2556 ex
492 2488 598 2554 anima
632 2487 795 2575 variisque
829 2487 898 2554 eius
931 2511 1011 2576 quus
1039 2485 1230 2554 Aristoteles

83 2597 160 2681 ponit
179 2598 385 2666 facultatibus
409 2608 556 2687 apparet.
601 2597 732 2664 Etenim
760 2597 944 2684 plantarum
969 2597 1100 2686 quidem
1123 2599 1230 2666 enims

80 2716 121 2772 est
145 2707 382 2798 vegetativum,
419 2709 506 2798 quod
533 2730 676 2774 summus
705 2729 816 2774 oerum
849 2716 898 2774 est
926 2705 1009 2772 finis.
1054 2709 1094 2776 In
1126 2709 1229 2776 brutis

78 2815 255 2886 cnimuiibus
272 2827 379 2886 sutem
394 2818 434 2884 sd
451 2818 671 2908 vegetativum
686 2815 813 2884 aceedit
834 2817 1032 2900 sensitivum,
1055 2818 1142 2906 quod
1164 2819 1229 2888 ium

79 2947 176 2996 eorum
206 2940 257 2996 cst
285 2954 446 2998 summum
477 2939 576 3018 etque
607 2938 797 2996 extremum.
842 2927 910 2996 Sed
943 2937 979 2996 ut
1011 2950 1083 2996 csse
1116 2931 1229 3017 possit,

78 3057 146 3124 opus
174 3052 223 3108 est
255 3042 450 3128 vegetativo.
496 3039 656 3108 Ultimum
689 3041 790 3126 igitur
824 3037 912 3127 quod
942 3047 1011 3104 erat
1043 3038 1077 3104 in
1109 3040 1227 3127 plantis

78 3157 163 3236 etque
192 3161 390 3234 extremum,
421 3150 485 3217 iem
508 3159 557 3216 est
578 3150 785 3218 instrumenti
807 3149 921 3216 inetur.
964 3146 1070 3226 Quem
1090 3150 1132 3217 ob
1156 3173 1229 3219 onu-

78 3277 137 3324 oum
157 3261 377 3348 vegetativum
397 3283 508 3327 cerere
524 3269 631 3348 potest
650 3259 814 3343 sensitivo,
839 3260 900 3324 hoc
914 3266 1021 3324 tomen
1038 3259 1093 3326 illo
1110 3259 1227 3328 minus.

80 3363 111 3432 ln
131 3370 312 3439 hominibus
335 3370 476 3460 denique
491 3368 532 3437 ud
554 3370 612 3437 hue
630 3369 709 3436 dues
729 3379 838 3460 partes
854 3369 977 3456 (portes
993 3368 1128 3438 dicimus
1144 3395 1227 3460 quse

78 3475 256 3548 Aristoteles
277 3475 382 3570 μόρια
405 3490 515 3563 vocet,
536 3481 583 3546 ite
604 3491 712 3548 tumen
735 3491 771 3580 ut
792 3482 927 3548 incruce
946 3479 1065 3548 Latino
1087 3482 1224 3550 eundem
1274 3487 1277 3503 '

9 3607 10 3662 i
78 3605 163 3672 quum
197 3592 390 3660 Aristoteles
427 3591 528 3659 verbo
563 3590 692 3658 Graeco
732 3589 870 3657 subiecit
914 3592 1078 3659 notionem
1121 3591 1228 3658 inesse

79 3697 215 3786 velimus)
246 3701 373 3769 secedit
404 3701 649 3784 intellectivum,
683 3700 770 3790 quod
802 3700 967 3768 hominnm
1001 3711 1050 3768 est
1083 3723 1225 3769 summus

78 3803 151 3876 finis.
185 3811 253 3880 Sed
275 3813 336 3879 hoc
358 3820 394 3878 ut
416 3811 467 3902 sit,
492 3811 710 3900 vegetativum
726 3810 847 3899 requiri
863 3812 957 3878 facile
980 3821 1029 3879 est
1050 3811 1225 3880 intellectu.

78 3913 183 4009 Neque
215 3922 320 3990 minus
354 3945 434 4010 opus
468 3933 517 3990 est
544 3921 708 3989 sensitivo.
754 3921 840 3988 Num
868 3922 938 3988 sine
967 3923 1226 4010 perceptionibus

78 4034 221 4100 memor-iu
248 4054 320 4100 esse
348 4055 413 4098 non
444 4042 567 4120 potest,
599 4032 669 4098 siue
702 4033 858 4098 memorie
886 4040 994 4098 nutem
1024 4033 1226 4120 experientis

79 4139 224 4210 exsistere
246 4142 375 4231 nequit,
399 4165 479 4230 qne,
502 4152 538 4209 nt
559 4140 601 4208 sd
623 4150 724 4208 ortem
748 4150 780 4208 et
801 4141 967 4210 scientium
990 4143 1227 4230 perveniemus,

79 4267 179 4320 curere
204 4278 270 4322 non
297 4277 468 4344 possumus
480 4252 514 4340 ¹).
558 4251 727 4320 Inferioris
756 4249 855 4341 igitur
887 4250 1007 4340 gradus
1036 4251 1120 4342 quod
1156 4261 1227 4321 eret

79 4395 268 4420 ᾖ·

145 4497 162 4560 “)
180 4499 241 4552 Het.
260 4501 293 4564 Δ,
317 4503 337 4554 l.
356 4499 392 4550 in.
