2870 5076
695 411 906 477 ..48-

220 584 348 666 mencio,
372 593 409 650 ut
430 581 643 650 communiter
664 605 700 648 se
721 583 897 650 defendant
919 581 960 648 ab
986 565 1171 650 exterorum
1194 582 1363 672 impetibus,

181 679 183 686 ,
219 705 254 762 ut
276 695 364 782 leges
389 693 582 760 constitutae
604 694 677 776 sint,
701 715 784 780 quae
807 693 979 780 quominus
1002 693 1084 760 alter
1100 695 1140 760 ab
1157 695 1259 760 altero
1273 691 1365 758 laeda·

219 816 271 872 tur
298 805 492 894 prohibeant
503 803 538 890 ¹).
584 802 676 883 Quae
705 803 814 868 omnia
846 805 880 869 in
914 804 1115 870 necessitatis
1148 803 1364 893 hypotheticae

219 917 291 982 loeo
319 926 393 982 sunt
423 913 581 980 habenda.
627 913 778 1002 Denique
808 923 840 979 et
869 913 975 978 domui
1005 923 1038 979 et
1065 915 1187 981 civitati
1216 936 1294 1002 opos
1324 923 1365 978 est

219 1025 330 1108 servis,
354 1026 423 1091 sine
446 1026 563 1114 quibus
588 1047 658 1092 esse
680 1048 746 1090 non
768 1023 950 1112 possunt').
995 1023 1112 1112 Itaque
1141 1047 1213 1091 cum
1243 1035 1366 1114 utroque

220 1135 358 1202 societas
369 1159 500 1224 prorsus
512 1135 553 1200 sit
567 1135 744 1202 secundum
756 1145 914 1216 naturam,
927 1133 1007 1200 haec
1018 1157 1151 1201 necesse
1167 1146 1218 1202 est
1233 1143 1367 1224 procreet

220 1245 365 1310 homines
388 1247 483 1312 etiam
508 1269 573 1330 eos,
598 1247 653 1335 qui
676 1246 746 1312 aliis
768 1245 910 1311 serviant
933 1253 965 1310 et
987 1244 1052 1312 sint
1073 1245 1220 1312 ministri.
1251 1247 1367 1333 'Itaque

220 1365 303 1438 sunt,
327 1357 382 1444 qui
404 1367 521 1424 natssra
544 1357 608 1424 sint
630 1358 715 1422 servi
725 1355 760 1442 ³).

306 1465 371 1532 Sed
392 1477 594 1534 revertamur
616 1467 657 1532 ad
681 1466 945 1553 contemplandas
973 1487 1026 1531 res
1049 1467 1206 1554 singulas.
1251 1469 1287 1534 In
1310 1491 1368 1532 cor·

219 1577 353 1665 poribus
376 1577 559 1644 animalium
584 1578 700 1666 cuique
723 1577 808 1666 parti
830 1576 920 1642 locos
945 1587 992 1642 est
1016 1580 1244 1645 concedendus
1264 1580 1299 1661 is,
1322 1577 1368 1666 qni

220 1698 355 1754 naturae
386 1689 526 1756 maxime
555 1688 735 1756 conveniat.
780 1687 911 1754 Etenim
946 1688 1088 1776 corporis
1124 1700 1233 1778 partes
1267 1691 1369 1756 instru-

220 1835 423 1850 Ἣ

294 1921 312 1987 ’·)
330 1921 362 1972 L.
380 1921 399 1972 l.
417 1922 465 1986 III,
486 1925 510 1976 9.
533 1920 628 1973 128011
643 1925 691 1972 29:
716 1916 841 1990 φανερόν
866 1921 960 1983 τοίνυν
984 1913 1026 1972 ότι
1043 1917 1059 1986 ἦ
1079 1917 1160 1980 πόλις
1182 1917 1233 1973 οὑκ
1252 1921 1306 1974 ἔστι
1323 1937 1370 1972 κοι-

219 2009 306 2062 νωνία
324 2005 411 2060 τόπου
431 2009 543 2060 καὶτοῦ
561 2005 599 2078 μὴ
618 2003 725 2062 άδικεῖν
746 2008 820 2076 σφοῖς
838 2001 937 2065 αὐτοὺς
962 2009 1010 2060 καλ
1032 2010 1077 2076 τῆς
1095 2005 1270 2080 μεταδόσεως
1288 2004 1369 2080 χάριν·

219 2093 289 2148 άλλόι
306 2097 391 2149 ταῦτα
409 2095 462 2166 μὲν
476 2089 633 2164 άναγκαῖον
646 2091 789 2166 ὑπάρχειν,
807 2097 883 2164 εἴπερ
896 2094 972 2147 ἔσται
987 2092 1076 2162 πόλις,
1095 2093 1129 2148 οὑ
1143 2095 1201 2168 μὴν
1214 2093 1276 2149 οὐδ’
1291 2092 1370 2164 ὑπαρ-

218 2179 326 2252 χόντων
344 2179 449 2237 τούτων
468 2179 600 2238 ἁπάντων
617 2177 669 2250 ἤδη
688 2179 784 2247 πόλις,
809 2177 869 2232 ἀλλ’
889 2177 905 2247 ἡ
924 2184 973 2234 τοῦ
994 2175 1023 2235 εὑ
1044 2185 1089 2249 ζῆν
1108 2188 1240 2239 κοινωνία
1259 2187 1303 2238 καλ
1319 2179 1371 2240 ieie

221 2273 320 2328 οἰκίαις
338 2271 386 2322 καλ
403 2275 460 2328 τοῖς
476 2273 579 2338 γένεσι,
599 2272 665 2337 ζωῆς
676 2271 779 2327 τελείας
787 2265 872 2338 χάριν
886 2271 932 2322 καὶ
952 2265 1112 2344 αὐτάρκους.
1133 2269 1185 2326 οὑκ
1198 2273 1273 2326 ἔσται
1284 2273 1369 2342 μέντοι

218 2359 298 2412 τοὺτο
320 2355 359 2429 μῆ
381 2356 430 2412 τόν
453 2353 537 2412 αὑτόν
555 2359 603 2410 καλ
625 2357 674 2412 ἕνα
699 2351 902 2412 κατοικούντων
925 2354 1015 2413 τόπον
1038 2363 1085 2412 καλ
1105 2363 1261 2432 χρωμένων
1282 2358 1370 2428 ἐπιγα-

218 2451 302 2516 μίαις.
328 2444 371 2498 διὸ
397 2444 505 2512 κηδεῖαί
525 2439 549 2499 τ’
572 2446 701 2516 ἐγένοντο
724 2443 793 2498 κατὰ
816 2443 864 2504 τάς
889 2441 982 2508 πόλεις
1000 2449 1049 2500 καλ
1067 2451 1200 2519 φρατρίαι
1220 2448 1268 2500 καλ
1284 2449 1370 2500 θυσίαι

220 2536 266 2586 καλ
286 2532 424 2603 διαγωγαὶ
447 2534 496 2586 τοῦ
520 2533 610 2600 συζῆν.
637 2531 667 2587 τό
694 2532 726 2586 δὲ
749 2535 876 2588 τοιοῦτον
901 2535 996 2604 φιλίας
1014 2533 1105 2606 ἔργον·
1125 2532 1141 2604 ῆ
1159 2534 1214 2609 γάρ
1233 2537 1282 2590 τοῦ
1299 2535 1371 2600 συζῆν

219 2624 380 2690 προαίρεσις
398 2623 488 2692 φιλία.
513 2625 588 2681 τέλος
612 2621 666 2692 μὲν
690 2615 740 2676 οὑν
762 2618 867 2680 πόλεως
890 2619 921 2675 τό
941 2615 972 2675 εὑ
991 2624 1045 2690 ζῆν,
1070 2624 1155 2676 ταῦτα
1174 2623 1207 2678 δὲ
1224 2626 1272 2678 τοῦ
1289 2625 1370 2680 τέλους

215 2705 308 2778 χάριν,
328 2704 407 2768 πόλις
426 2708 458 2762 δὲ
475 2706 492 2777 ῆ
511 2711 601 2779 γενιὺν
619 2711 666 2763 καλ
684 2711 787 2780 κωμῶν
805 2714 937 2763 κοινωνία
956 2712 1024 2778 ζωῆς
1040 2711 1142 2770 τελείας
1160 2713 1207 2764 καλ
1220 2709 1369 2786 αὐτάρκους,

219 2797 299 2850 τοῦτο
318 2796 346 2850 δ’
367 2797 451 2864 ἐστίν,
471 2795 507 2857 cic
523 2801 630 2870 φαμέν,
646 2797 675 2852 τό
696 2799 744 2864 ζῆν
763 2793 937 2868 εὐδαιμόνως
955 2800 1002 2850 καὶ
1020 2799 1118 2856 καλῶς.

293 2886 312 2952 ²)
332 2888 361 2940 Ιι.
380 2888 399 2938 1.
418 2889 439 2952 Ι,
460 2890 555 2948 4.,in.:
573 2883 649 2940 Ἐπεὶ
669 2879 720 2938 οὖν
738 2880 754 2950 ῆ
773 2885 864 2951 κτῆσις
881 2887 967 2956 μέρος
984 2887 1029 2952 τῆς
1048 2888 1137 2944 οἰκίας
1155 2885 1213 2940 έστλ
1231 2885 1305 2954 κωλῆ
1318 2903 1369 2952 κτη-

218 2972 279 3041 τικῆ
297 2977 381 3046 μέρος
399 2975 443 3040 τῆς
463 2976 625 3044 οἰκονομίας
642 2967 722 3041 (diosc
740 2969 795 3044 γὰρ
813 2973 867 3026 τῶν
887 2969 1048 3042 ἀναγκαίων
1061 2967 1204 3030 άδάναιον
1217 2978 1261 3030 καλ
1276 2977 1319 3043 ζῆν
1330 2975 1369 3026 καλ

219 3055 248 3116 εὑ
269 3063 336 3130 ζῆν),
355 3059 448 3131 ὥσπερ
468 3060 500 3114 δὲ
517 3059 547 3114 έν
565 3065 624 3119 ταῖς
642 3057 809 3131 ὡρισμέναις
832 3062 939 3128 τέχναις
957 3058 1115 3130 άναγκαΐον
1134 3059 1169 3116 δν
1187 3066 1228 3129 εἴη
1245 3059 1369 3133 ὑπάρχειν

218 3148 252 3203 τά
277 3151 364 3203 οἰκεῖα
389 3143 506 3220 ὄργανα,
530 3151 555 3201 εἰ
577 3151 670 3220 μέλλει
695 3144 967 3214 ἀποτελεσθήσεσθαι
990 3147 1020 3202 τό
1045 3149 1137 3218 ἔργον,
1163 3146 1234 3204 οὑτω
1257 3153 1301 3203 καλ
1321 3149 1368 3202 τόν

220 3239 415 3309 οἰκονομικῶν.
434 3239 489 3292 τῶν
508 3236 535 3289 δ’
557 3233 686 3306 ὀργάνων
704 3234 737 3289 τά
755 3235 810 3306 μὲν
828 3230 925 3304 άψυχα
943 3229 976 3289 τά
996 3236 1013 3288 δ
1018 3235 1025 3254 ¹
1045 3237 1175 3308 ἔμψυχα,
1198 3232 1259 3292 οἷον
1276 3240 1311 3306 τῷ
1328 3255 1369 3289 κυ-

218 3322 331 3397 βερνῆτη
351 3323 365 3380 o‘
384 3326 438 3397 μὲν
457 3327 519 3386 οἴαξ
543 3318 655 3394 άψυχον
674 3321 688 3378 o‘
709 3323 741 3378 δὲ
764 3321 887 3394 πρῳρεὺς
910 3325 1051 3396 ἔμψυχον·
1076 3321 1090 3378 ό
1113 3323 1168 3396 γάρ
1192 3323 1323 3399 ὑπηρέτης
1343 3323 1369 3376 έν

219 3410 341 3483 ὀργάνου
361 3415 427 3466 ελδει
445 3418 504 3472 ταῖς
520 3415 628 3482 τέχναις
646 3411 729 3466 ἐστίν.
757 3409 827 3464 οὕτω
851 3415 898 3465 καλ
923 3409 952 3465 τό
972 3411 1062 3482 κτῆμα
1081 3406 1204 3484 όργανον
1223 3412 1292 3484 πρός
1309 3406 1370 3478 ζωόν

220 3500 285 3565 ἐστι,
304 3503 351 3553 καλ
369 3497 385 3568 ῆ
405 3501 497 3567 κτῆσις
515 3502 621 3567 πλῆθος
640 3497 769 3571 ὀργάνων
787 3499 853 3565 ἔστί,
873 3497 952 3554 καλό
975 3499 1074 3560 δοῦλος
1091 3499 1181 3574 κτῆμά
1199 3523 1224 3556 τι
1242 3503 1369 3573 ἔμψυχον,

219 3591 267 3642 καλ
286 3583 378 3658 ὥσπερ
398 3581 521 3658 όργανον
539 3586 594 3659 πρό
614 3584 749 3659 δργάνων,
769 3589 823 3647 πᾶς
836 3586 850 3641 ὑ
865 3586 1008 3658 ὑπηρέτης.
1027 3591 1051 3642 ελ
1063 3588 1118 3662 γάρ
1131 3588 1252 3657 ἠδύνατο
1265 3589 1371 3645 ἕκαστον

218 3677 274 3730 τῶν
296 3673 425 3746 όργάνων
450 3665 599 3731 κελευσθὲν
620 3672 636 3744 ἢ
655 3673 920 3749 προαισθανόμενον
950 3673 1095 3732 ἀποτελεῖν
1121 3675 1152 3731 τό
1176 3676 1261 3732 αὑτοῦ
1286 3676 1369 3744 ἔργον,
1422 3711 1423 3714 ,

219 3759 312 3834 ὥσπερ
331 3762 364 3818 τά
384 3761 530 3818 Δαιδάλου
548 3766 637 3834 φασὶν
655 3759 672 3832 ῆ
688 3763 751 3823 τοὺς
774 3765 823 3817 τοῦ
838 3761 996 3834 Ἡφαῐστου
1015 3765 1162 3836 τρίποδας,
1190 3763 1237 3826 οδς
1260 3755 1368 3836 ηιησινό

218 3851 331 3920 ποιητὴς
355 3849 527 3924 αὐτομάτους
548 3857 628 3908 θεῖον
652 3847 770 3905 δύεσθαι
795 3847 906 3921 άγάνα,
936 3847 1022 3910 οὑτως
1044 3855 1074 3905 αἱ
1097 3854 1220 3927 κερκίδες
1242 3853 1369 3923 ἐκέρκιζον

218 3937 299 3994 αὑταὶ
322 3942 370 3994 καλ
391 3938 424 3992 τά
448 3943 572 4010 πλῆκτρα
598 3936 760 4013 ἐκιθάριζεν,
784 3936 867 3994 οὐδὲν
891 3934 927 3996 οἲν
949 3939 1005 3994 ἔδει
1029 3933 1091 3996 οὔτε
1112 3945 1169 4001 τοῖς
1192 3939 1369 4014 ἀρχιτέκτοσιν

217 4025 360 4095 ὑπηρετῶν
379 4023 442 4082 odes
459 4032 517 4086 τοῖς
534 4023 682 4088 δεσπόταις
700 4025 816 4083 δούλων.

291 4117 310 4183 ³)
329 4117 397 4170 Vide
415 4133 482 4184 qnae
501 4133 581 4186 snpra
599 4118 630 4169 de
648 4118 699 4170 hae
715 4133 744 4170 re
762 4117 896 4185 disputata
914 4123 984 4169 sunt.
1016 4117 1138 4171 Ceterum
1158 4120 1216 4172 noli
1233 4120 1301 4173 hano
1317 4130 1367 4168 sen·

219 4208 327 4258 tentiam
353 4207 422 4274 apud
445 4207 614 4258 Aristotelem
637 4207 734 4258 mirari·
770 4207 837 4258 Nam
861 4221 922 4258 oum
946 4221 1032 4273 neque
1055 4208 1151 4260 eivitas
1175 4225 1261 4276 neque
1285 4208 1367 4259 domna

219 4293 377 4363 philosopho
396 4294 530 4348 videretur
548 4309 635 4346 carere
653 4311 730 4362 posse
755 4296 848 4359 servis,
874 4301 973 4346 certum
991 4295 1122 4361 quoddam
1141 4297 1277 4349 hominum
1294 4305 1368 4363 ροουο

218 4389 249 4436 ut
267 4385 429 4436 existimaret
447 4383 479 4436 ad
497 4384 635 4437 servitiam
654 4384 814 4436 destinatum
832 4395 890 4434 esse
908 4401 924 4435 a
941 4389 1037 4436 natura
1054 4385 1122 4450 ipsa,
1149 4401 1182 4436 ex
1206 4385 1240 4438 iis
1263 4397 1327 4451 qnae
1343 4379 1369 4428 dt

219 4471 323 4524 illarum
342 4474 569 4525 consociationem
586 4472 676 4523 indole
695 4471 825 4524 sentiebat
843 4473 991 4524 neeessario
1009 4474 1226 4539 consequebatur.
