<?xml version="1.0" encoding="UTF-8"?>
<!DOCTYPE html PUBLIC "-//W3C//DTD XHTML 1.0 Transitional//EN"
    "http://www.w3.org/TR/xhtml1/DTD/xhtml1-transitional.dtd">
<html xmlns="http://www.w3.org/1999/xhtml" xml:lang="en" lang="en">
 <head>
  <title>
</title>
<meta http-equiv="Content-Type" content="text/html;charset=utf-8" />
  <meta name='ocr-system' content='tesseract 3.04.00' />
  <meta name='ocr-capabilities' content='ocr_page ocr_carea ocr_par ocr_line ocrx_word'/>
</head>
<body>
  <div class='ocr_page' id='page_1' title='image "./dearistotelisez00thomgoog_0202.png"; bbox 0 0 2870 5076; ppageno 0'>
   <div class='ocr_carea' id='block_1_1' title="bbox 683 415 898 478">
    <p class='ocr_par' dir='ltr' id='par_1_1' title="bbox 683 415 898 478">
     <span class='ocr_line' id='line_1_1' title="bbox 683 415 898 478; baseline -0.005 -17"><span class='ocrx_word' id='word_1_1' title='bbox 683 415 898 478; x_wconf 29' lang='lat'><strong>*22*</strong></span> 
     </span>
    </p>
   </div>
   <div class='ocr_carea' id='block_1_2' title="bbox 106 576 1430 4710">
    <p class='ocr_par' dir='ltr' id='par_1_2' title="bbox 106 576 1358 675">
     <span class='ocr_line' id='line_1_2' title="bbox 106 576 1358 675; baseline -0.005 -20"><span class='ocrx_word' id='word_1_2' title='bbox 106 576 109 588; x_wconf 42' lang='lat'><strong><em>¹</em></strong></span> <span class='ocrx_word' id='word_1_3' title='bbox 214 587 314 670; x_wconf 91' lang='lat' dir='ltr'><strong>dicet,</strong></span> <span class='ocrx_word' id='word_1_4' title='bbox 346 587 487 653; x_wconf 87' lang='lat' dir='ltr'><strong>maximo</strong></span> <span class='ocrx_word' id='word_1_5' title='bbox 517 609 613 675; x_wconf 89' lang='lat' dir='ltr'><strong>opere</strong></span> <span class='ocrx_word' id='word_1_6' title='bbox 644 593 693 652; x_wconf 89' lang='lat' dir='ltr'><strong>est</strong></span> <span class='ocrx_word' id='word_1_7' title='bbox 719 583 907 650; x_wconf 82' lang='lat' dir='ltr'><strong>verendum.</strong></span> <span class='ocrx_word' id='word_1_8' title='bbox 952 585 1096 650; x_wconf 88' lang='lat' dir='ltr'><strong>Primum</strong></span> <span class='ocrx_word' id='word_1_9' title='bbox 1125 583 1212 650; x_wconf 86' lang='lat' dir='ltr'><strong>enim</strong></span> <span class='ocrx_word' id='word_1_10' title='bbox 1239 583 1358 650; x_wconf 84' lang='lat' dir='ltr'><strong>nimium</strong></span> 
     </span>
    </p>

    <p class='ocr_par' dir='ltr' id='par_1_3' title="bbox 215 677 1430 896">
     <span class='ocr_line' id='line_1_3' title="bbox 215 677 1359 788; baseline -0.006 -23"><span class='ocrx_word' id='word_1_11' title='bbox 215 701 355 788; x_wconf 87' lang='lat' dir='ltr'><strong>positum</strong></span> <span class='ocrx_word' id='word_1_12' title='bbox 380 709 465 763; x_wconf 88' lang='lat' dir='ltr'><strong>esset</strong></span> <span class='ocrx_word' id='word_1_13' title='bbox 486 699 520 764; x_wconf 92' lang='lat' dir='ltr'><strong>in</strong></span> <span class='ocrx_word' id='word_1_14' title='bbox 545 697 689 779; x_wconf 84' lang='lat' dir='ltr'><strong>materia,</strong></span> <span class='ocrx_word' id='word_1_15' title='bbox 714 719 787 762; x_wconf 90' lang='lat' dir='ltr'><strong>cum</strong></span> <span class='ocrx_word' id='word_1_16' title='bbox 810 695 836 760; x_wconf 89' lang='lat' dir='ltr'><strong>si</strong></span> <span class='ocrx_word' id='word_1_17' title='bbox 858 714 920 760; x_wconf 91' lang='lat' dir='ltr'><strong>non</strong></span> <span class='ocrx_word' id='word_1_18' title='bbox 945 677 1113 782; x_wconf 90' lang='lat' dir='ltr'><strong>appeteret</strong></span> <span class='ocrx_word' id='word_1_19' title='bbox 1127 694 1272 777; x_wconf 82' lang='lat' dir='ltr'><strong>materia,</strong></span> <span class='ocrx_word' id='word_1_20' title='bbox 1291 693 1359 760; x_wconf 89' lang='lat' dir='ltr'><strong>nihil</strong></span> 
     </span>
     <span class='ocr_line' id='line_1_4' title="bbox 215 803 1430 896; baseline -0.006 -22"><span class='ocrx_word' id='word_1_21' title='bbox 215 809 343 875; x_wconf 91' lang='lat' dir='ltr'><strong>omnino</strong></span> <span class='ocrx_word' id='word_1_22' title='bbox 366 818 476 896; x_wconf 90' lang='lat' dir='ltr'><strong>posset</strong></span> <span class='ocrx_word' id='word_1_23' title='bbox 499 807 663 873; x_wconf 81' lang='lat' dir='ltr'><strong>exsistere.</strong></span> <span class='ocrx_word' id='word_1_24' title='bbox 698 806 887 871; x_wconf 81' lang='lat' dir='ltr'><strong>Tenendum</strong></span> <span class='ocrx_word' id='word_1_25' title='bbox 909 815 1017 871; x_wconf 89' lang='lat' dir='ltr'><strong>autem</strong></span> <span class='ocrx_word' id='word_1_26' title='bbox 1033 814 1082 870; x_wconf 89' lang='lat' dir='ltr'><strong>est</strong></span> <span class='ocrx_word' id='word_1_27' title='bbox 1104 815 1247 870; x_wconf 88' lang='lat' dir='ltr'><strong>creatam</strong></span> <span class='ocrx_word' id='word_1_28' title='bbox 1271 828 1289 870; x_wconf 91' lang='lat' dir='ltr'><strong>a</strong></span> <span class='ocrx_word' id='word_1_29' title='bbox 1309 803 1359 868; x_wconf 88' lang='lat' dir='ltr'><strong>deo</strong></span> <span class='ocrx_word' id='word_1_30' title='bbox 1429 807 1430 810; x_wconf 73' lang='grc'>’</span> 
     </span>
    </p>

    <p class='ocr_par' dir='ltr' id='par_1_4' title="bbox 214 915 1430 1447">
     <span class='ocr_line' id='line_1_5' title="bbox 214 915 1360 1002; baseline -0.008 -17"><span class='ocrx_word' id='word_1_31' title='bbox 214 922 297 986; x_wconf 93' lang='lat' dir='ltr'><strong>hanc</strong></span> <span class='ocrx_word' id='word_1_32' title='bbox 324 919 493 984; x_wconf 87' lang='lat' dir='ltr'><strong>materiam</strong></span> <span class='ocrx_word' id='word_1_33' title='bbox 521 941 584 984; x_wconf 90' lang='lat' dir='ltr'><strong>non</strong></span> <span class='ocrx_word' id='word_1_34' title='bbox 614 939 699 999; x_wconf 89' lang='lat' dir='ltr'><strong>esse,</strong></span> <span class='ocrx_word' id='word_1_35' title='bbox 738 915 795 981; x_wconf 88' lang='lat' dir='ltr'><strong>sed</strong></span> <span class='ocrx_word' id='word_1_36' title='bbox 827 939 897 980; x_wconf 85' lang='lat' dir='ltr'><strong>ease</strong></span> <span class='ocrx_word' id='word_1_37' title='bbox 931 926 1093 981; x_wconf 75' lang='lat' dir='ltr'><strong>aeternam</strong></span> <span class='ocrx_word' id='word_1_38' title='bbox 1122 915 1243 1002; x_wconf 85' lang='lat' dir='ltr'><strong>pariter</strong></span> <span class='ocrx_word' id='word_1_39' title='bbox 1276 923 1360 1002; x_wconf 88' lang='lat' dir='ltr'><strong>atque</strong></span> 
     </span>
     <span class='ocr_line' id='line_1_6' title="bbox 217 1025 1430 1115; baseline -0.007 -21"><span class='ocrx_word' id='word_1_40' title='bbox 217 1032 313 1106; x_wconf 90' lang='lat' dir='ltr'><strong>deum</strong></span> <span class='ocrx_word' id='word_1_41' title='bbox 335 1030 452 1115; x_wconf 90' lang='lat' dir='ltr'><strong>ipsum.</strong></span> <span class='ocrx_word' id='word_1_42' title='bbox 499 1025 619 1093; x_wconf 79' lang='lat' dir='ltr'><strong>Oresta</strong></span> <span class='ocrx_word' id='word_1_43' title='bbox 642 1028 727 1092; x_wconf 91' lang='lat' dir='ltr'><strong>enim</strong></span> <span class='ocrx_word' id='word_1_44' title='bbox 750 1026 777 1091; x_wconf 92' lang='lat' dir='ltr'><strong>si</strong></span> <span class='ocrx_word' id='word_1_45' title='bbox 800 1036 900 1108; x_wconf 84' lang='lat' dir='ltr'><strong>esset,</strong></span> <span class='ocrx_word' id='word_1_46' title='bbox 929 1025 1113 1090; x_wconf 85' lang='lat' dir='ltr'><strong>offensionis</strong></span> <span class='ocrx_word' id='word_1_47' title='bbox 1135 1025 1190 1091; x_wconf 90' lang='lat' dir='ltr'><strong>ille</strong></span> <span class='ocrx_word' id='word_1_48' title='bbox 1213 1025 1360 1112; x_wconf 87' lang='lat' dir='ltr'><strong>appetitus</strong></span> <span class='ocrx_word' id='word_1_49' title='bbox 1427 1057 1430 1064; x_wconf 42' lang='grc' dir='ltr'><strong>ι</strong></span> 
     </span>
     <span class='ocr_line' id='line_1_7' title="bbox 219 1135 1430 1222; baseline -0.006 -18"><span class='ocrx_word' id='word_1_50' title='bbox 219 1139 352 1204; x_wconf 90' lang='lat' dir='ltr'><strong>haberet</strong></span> <span class='ocrx_word' id='word_1_51' title='bbox 374 1137 462 1203; x_wconf 88' lang='lat' dir='ltr'><strong>nihil.</strong></span> <span class='ocrx_word' id='word_1_52' title='bbox 498 1139 583 1202; x_wconf 88' lang='lat' dir='ltr'><strong>Nam</strong></span> <span class='ocrx_word' id='word_1_53' title='bbox 597 1136 718 1202; x_wconf 82' lang='lat' dir='ltr'><strong>&#39;indere</strong></span> <span class='ocrx_word' id='word_1_54' title='bbox 741 1137 819 1202; x_wconf 88' lang='lat' dir='ltr'><strong>deus</strong></span> <span class='ocrx_word' id='word_1_55' title='bbox 842 1145 970 1222; x_wconf 87' lang='lat' dir='ltr'><strong>poterat</strong></span> <span class='ocrx_word' id='word_1_56' title='bbox 993 1136 1148 1200; x_wconf 86' lang='lat' dir='ltr'><strong>materiae</strong></span> <span class='ocrx_word' id='word_1_57' title='bbox 1170 1135 1258 1199; x_wconf 87' lang='lat' dir='ltr'><strong>illam</strong></span> <span class='ocrx_word' id='word_1_58' title='bbox 1279 1153 1362 1221; x_wconf 83' lang='lat' dir='ltr'><strong>appe</strong></span> <span class='ocrx_word' id='word_1_59' title='bbox 1429 1135 1430 1149; x_wconf 60' lang='lat'>¹</span> 
     </span>
     <span class='ocr_line' id='line_1_8' title="bbox 217 1227 1430 1336; baseline -0.007 -23"><span class='ocrx_word' id='word_1_60' title='bbox 217 1248 304 1314; x_wconf 89' lang='lat' dir='ltr'><strong>tendi</strong></span> <span class='ocrx_word' id='word_1_61' title='bbox 331 1248 407 1314; x_wconf 87' lang='lat' dir='ltr'><strong>vim.</strong></span> <span class='ocrx_word' id='word_1_62' title='bbox 453 1249 569 1336; x_wconf 87' lang='lat' dir='ltr'><strong>ltaque</strong></span> <span class='ocrx_word' id='word_1_63' title='bbox 597 1256 762 1312; x_wconf 88' lang='lat' dir='ltr'><strong>aeternam</strong></span> <span class='ocrx_word' id='word_1_64' title='bbox 792 1267 861 1310; x_wconf 92' lang='lat' dir='ltr'><strong>esse</strong></span> <span class='ocrx_word' id='word_1_65' title='bbox 891 1245 1058 1310; x_wconf 86' lang='lat' dir='ltr'><strong>materiam</strong></span> <span class='ocrx_word' id='word_1_66' title='bbox 1087 1267 1159 1311; x_wconf 90' lang='lat' dir='ltr'><strong>cum</strong></span> <span class='ocrx_word' id='word_1_67' title='bbox 1182 1244 1361 1310; x_wconf 83' lang='lat' dir='ltr'><strong>Aristoteles</strong></span> <span class='ocrx_word' id='word_1_68' title='bbox 1429 1227 1430 1285; x_wconf 68' lang='lat'>3</span> 
     </span>
     <span class='ocr_line' id='line_1_9' title="bbox 216 1355 1430 1447; baseline -0.006 -24"><span class='ocrx_word' id='word_1_69' title='bbox 216 1367 349 1440; x_wconf 86' lang='lat' dir='ltr'><strong>statuat,</strong></span> <span class='ocrx_word' id='word_1_70' title='bbox 378 1358 552 1447; x_wconf 86' lang='lat' dir='ltr'><strong>appetendi</strong></span> <span class='ocrx_word' id='word_1_71' title='bbox 575 1357 757 1423; x_wconf 91' lang='lat' dir='ltr'><strong>verbum</strong></span> <span class='ocrx_word' id='word_1_72' title='bbox 732 1381 758 1422; x_wconf 83' lang='grc' dir='ltr'><strong>ιι</strong></span> <span class='ocrx_word' id='word_1_73' title='bbox 781 1358 972 1444; x_wconf 80' lang='lat' dir='ltr'><strong>premimus,</strong></span> <span class='ocrx_word' id='word_1_74' title='bbox 995 1355 1151 1422; x_wconf 89' lang='lat' dir='ltr'><strong>habemus</strong></span> <span class='ocrx_word' id='word_1_75' title='bbox 1173 1355 1361 1420; x_wconf 87' lang='lat' dir='ltr'><strong>harmoniam</strong></span> <span class='ocrx_word' id='word_1_76' title='bbox 1429 1371 1430 1382; x_wconf 60' lang='lat'>¹</span> 
     </span>
    </p>

    <p class='ocr_par' dir='ltr' id='par_1_5' title="bbox 218 1467 1364 1554">
     <span class='ocr_line' id='line_1_10' title="bbox 218 1467 1364 1554; baseline -0.003 -23"><span class='ocrx_word' id='word_1_77' title='bbox 218 1469 302 1533; x_wconf 90' lang='lat' dir='ltr'><strong>inter</strong></span> <span class='ocrx_word' id='word_1_78' title='bbox 324 1469 461 1534; x_wconf 80' lang='lat' dir='ltr'><strong>formam</strong></span> <span class='ocrx_word' id='word_1_79' title='bbox 485 1479 517 1534; x_wconf 89' lang='lat' dir='ltr'><strong>et</strong></span> <span class='ocrx_word' id='word_1_80' title='bbox 539 1469 719 1534; x_wconf 88' lang='lat' dir='ltr'><strong>materiam</strong></span> <span class='ocrx_word' id='word_1_81' title='bbox 734 1467 1003 1554; x_wconf 65' lang='lat' dir='ltr'><strong>praestabilium,</strong></span> <span class='ocrx_word' id='word_1_82' title='bbox 1032 1488 1115 1554; x_wconf 91' lang='lat' dir='ltr'><strong>quae</strong></span> <span class='ocrx_word' id='word_1_83' title='bbox 1138 1473 1247 1532; x_wconf 88' lang='lat' dir='ltr'><strong>autem</strong></span> <span class='ocrx_word' id='word_1_84' title='bbox 1268 1488 1328 1530; x_wconf 90' lang='lat' dir='ltr'><strong>non</strong></span> <span class='ocrx_word' id='word_1_85' title='bbox 1348 1486 1364 1527; x_wconf 92' lang='lat' dir='ltr'><strong>a</strong></span> 
     </span>
    </p>

    <p class='ocr_par' dir='ltr' id='par_1_6' title="bbox 218 1576 1430 1778">
     <span class='ocr_line' id='line_1_11' title="bbox 219 1576 1364 1663; baseline 0.002 -21"><span class='ocrx_word' id='word_1_86' title='bbox 219 1578 278 1643; x_wconf 89' lang='lat' dir='ltr'><strong>deo</strong></span> <span class='ocrx_word' id='word_1_87' title='bbox 304 1579 418 1643; x_wconf 87' lang='lat' dir='ltr'><strong>effecta</strong></span> <span class='ocrx_word' id='word_1_88' title='bbox 446 1580 502 1663; x_wconf 85' lang='lat' dir='ltr'><strong>sit,</strong></span> <span class='ocrx_word' id='word_1_89' title='bbox 533 1578 591 1643; x_wconf 88' lang='lat' dir='ltr'><strong>sed</strong></span> <span class='ocrx_word' id='word_1_90' title='bbox 620 1587 726 1644; x_wconf 79' lang='lat' dir='ltr'><strong>exstet</strong></span> <span class='ocrx_word' id='word_1_91' title='bbox 757 1601 842 1643; x_wconf 90' lang='lat' dir='ltr'><strong>casu.</strong></span> <span class='ocrx_word' id='word_1_92' title='bbox 887 1577 997 1642; x_wconf 90' lang='lat' dir='ltr'><strong>Prima</strong></span> <span class='ocrx_word' id='word_1_93' title='bbox 1019 1576 1117 1663; x_wconf 83' lang='lat' dir='ltr'><strong>igitur</strong></span> <span class='ocrx_word' id='word_1_94' title='bbox 1139 1576 1282 1642; x_wconf 91' lang='lat' dir='ltr'><strong>omnium</strong></span> <span class='ocrx_word' id='word_1_95' title='bbox 1305 1595 1364 1644; x_wconf 81' lang='lat' dir='ltr'><strong>cau·</strong></span> 
     </span>
     <span class='ocr_line' id='line_1_12' title="bbox 218 1595 1430 1778; baseline -0.005 -26"><span class='ocrx_word' id='word_1_96' title='bbox 218 1708 324 1754; x_wconf 86' lang='lat' dir='ltr'><strong>aarum</strong></span> <span class='ocrx_word' id='word_1_97' title='bbox 352 1698 436 1754; x_wconf 87' lang='lat' dir='ltr'><strong>esset</strong></span> <span class='ocrx_word' id='word_1_98' title='bbox 467 1711 576 1772; x_wconf 79' lang='lat' dir='ltr'><strong>casus,</strong></span> <span class='ocrx_word' id='word_1_99' title='bbox 609 1689 694 1778; x_wconf 88' lang='lat' dir='ltr'><strong>quod</strong></span> <span class='ocrx_word' id='word_1_100' title='bbox 726 1697 880 1776; x_wconf 89' lang='lat' dir='ltr'><strong>quantum</strong></span> <span class='ocrx_word' id='word_1_101' title='bbox 910 1687 1075 1752; x_wconf 88' lang='lat' dir='ltr'><strong>aratione</strong></span> <span class='ocrx_word' id='word_1_102' title='bbox 1099 1686 1295 1751; x_wconf 80' lang='lat' dir='ltr'><strong>Aristotelea</strong></span> <span class='ocrx_word' id='word_1_103' title='bbox 1321 1683 1365 1748; x_wconf 71' lang='lat' dir='ltr'><strong>ala</strong></span> <span class='ocrx_word' id='word_1_104' title='bbox 1429 1595 1430 1764; x_wconf 73' lang='grc' dir='ltr'><strong>ι</strong></span> 
     </span>
    </p>

    <p class='ocr_par' dir='ltr' id='par_1_7' title="bbox 148 1794 1370 3764">
     <span class='ocr_line' id='line_1_13' title="bbox 148 1794 1366 1887; baseline -0.002 -25"><span class='ocrx_word' id='word_1_105' title='bbox 148 1841 149 1846; x_wconf 22' lang='grc' dir='ltr'><strong>κ</strong></span> <span class='ocrx_word' id='word_1_106' title='bbox 218 1799 358 1882; x_wconf 82' lang='lat' dir='ltr'><strong>horreat,</strong></span> <span class='ocrx_word' id='word_1_107' title='bbox 381 1801 436 1864; x_wconf 87' lang='lat' dir='ltr'><strong>vix</strong></span> <span class='ocrx_word' id='word_1_108' title='bbox 460 1800 546 1865; x_wconf 89' lang='lat' dir='ltr'><strong>dicto</strong></span> <span class='ocrx_word' id='word_1_109' title='bbox 570 1823 649 1887; x_wconf 92' lang='lat' dir='ltr'><strong>opus</strong></span> <span class='ocrx_word' id='word_1_110' title='bbox 674 1798 769 1884; x_wconf 86' lang='lat' dir='ltr'><strong>eat¹.)</strong></span> <span class='ocrx_word' id='word_1_111' title='bbox 815 1797 881 1866; x_wconf 82' lang='lat' dir='ltr'><strong>Sed</strong></span> <span class='ocrx_word' id='word_1_112' title='bbox 914 1796 1037 1865; x_wconf 86' lang='lat' dir='ltr'><strong>aceedit</strong></span> <span class='ocrx_word' id='word_1_113' title='bbox 1066 1795 1153 1861; x_wconf 88' lang='lat' dir='ltr'><strong>aliud</strong></span> <span class='ocrx_word' id='word_1_114' title='bbox 1177 1794 1264 1883; x_wconf 87' lang='lat' dir='ltr'><strong>quid.</strong></span> <span class='ocrx_word' id='word_1_115' title='bbox 1309 1796 1366 1880; x_wconf 90' lang='lat' dir='ltr'><strong>Ap·</strong></span> 
     </span>
     <span class='ocr_line' id='line_1_14' title="bbox 218 1906 1365 2035; baseline -0.003 -63"><span class='ocrx_word' id='word_1_116' title='bbox 218 1918 331 1995; x_wconf 87' lang='lat' dir='ltr'><strong>petere</strong></span> <span class='ocrx_word' id='word_1_117' title='bbox 354 1911 439 1975; x_wconf 91' lang='lat' dir='ltr'><strong>enim</strong></span> <span class='ocrx_word' id='word_1_118' title='bbox 459 1934 525 1976; x_wconf 92' lang='lat' dir='ltr'><strong>non</strong></span> <span class='ocrx_word' id='word_1_119' title='bbox 548 1933 590 1997; x_wconf 93' lang='lat' dir='ltr'><strong>po</strong></span> <span class='ocrx_word' id='word_1_120' title='bbox 592 1919 655 1975; x_wconf 89' lang='lat' dir='ltr'><strong>test</strong></span> <span class='ocrx_word' id='word_1_121' title='bbox 676 1909 738 1974; x_wconf 89' lang='lat' dir='ltr'><strong>nisi</strong></span> <span class='ocrx_word' id='word_1_122' title='bbox 762 1908 847 2035; x_wconf 83' lang='lat' dir='ltr'><strong>quod</strong></span> <span class='ocrx_word' id='word_1_123' title='bbox 870 1907 997 1972; x_wconf 86' lang='lat' dir='ltr'><strong>habet</strong></span> <span class='ocrx_word' id='word_1_124' title='bbox 990 1931 1021 1972; x_wconf 93' lang='lat' dir='ltr'><strong>m</strong></span> <span class='ocrx_word' id='word_1_125' title='bbox 1045 1927 1080 1970; x_wconf 90' lang='lat' dir='ltr'><strong>se</strong></span> <span class='ocrx_word' id='word_1_126' title='bbox 1095 1906 1289 1995; x_wconf 90' lang='lat' dir='ltr'><strong>principium</strong></span> <span class='ocrx_word' id='word_1_127' title='bbox 1312 1925 1365 1968; x_wconf 83' lang='lat' dir='ltr'><strong>mo</strong></span> 
     </span>
     <span class='ocr_line' id='line_1_15' title="bbox 218 2017 1365 2109; baseline -0.002 -29"><span class='ocrx_word' id='word_1_128' title='bbox 218 2018 329 2102; x_wconf 87' lang='lat' dir='ltr'><strong>vendi,</strong></span> <span class='ocrx_word' id='word_1_129' title='bbox 358 2043 421 2106; x_wconf 94' lang='lat' dir='ltr'><strong>quo</strong></span> <span class='ocrx_word' id='word_1_130' title='bbox 445 2031 511 2087; x_wconf 89' lang='lat' dir='ltr'><strong>mat</strong></span> <span class='ocrx_word' id='word_1_131' title='bbox 512 2022 578 2086; x_wconf 93' lang='lat' dir='ltr'><strong>eria</strong></span> <span class='ocrx_word' id='word_1_132' title='bbox 603 2043 660 2109; x_wconf 89' lang='lat' dir='ltr'><strong>per</strong></span> <span class='ocrx_word' id='word_1_133' title='bbox 692 2044 740 2104; x_wconf 87' lang='lat' dir='ltr'><strong>se,</strong></span> <span class='ocrx_word' id='word_1_134' title='bbox 767 2021 794 2085; x_wconf 90' lang='lat' dir='ltr'><strong>si</strong></span> <span class='ocrx_word' id='word_1_135' title='bbox 824 2020 968 2108; x_wconf 91' lang='lat' dir='ltr'><strong>sequeris</strong></span> <span class='ocrx_word' id='word_1_136' title='bbox 991 2017 1217 2098; x_wconf 55' lang='lat' dir='ltr'><strong>Aristotelem,</strong></span> <span class='ocrx_word' id='word_1_137' title='bbox 1245 2035 1365 2105; x_wconf 87' lang='lat' dir='ltr'><strong>prorsus</strong></span> 
     </span>
     <span class='ocr_line' id='line_1_16' title="bbox 219 2127 1366 2218; baseline -0.004 -25"><span class='ocrx_word' id='word_1_138' title='bbox 219 2139 316 2194; x_wconf 89' lang='lat' dir='ltr'><strong>caret.</strong></span> <span class='ocrx_word' id='word_1_139' title='bbox 361 2129 476 2218; x_wconf 87' lang='lat' dir='ltr'><strong>ltaque</strong></span> <span class='ocrx_word' id='word_1_140' title='bbox 499 2131 632 2196; x_wconf 85' lang='lat' dir='ltr'><strong>aliat</strong></span> <span class='ocrx_word' id='word_1_141' title='bbox 583 2132 707 2196; x_wconf 88' lang='lat' dir='ltr'><strong>ratione</strong></span> <span class='ocrx_word' id='word_1_142' title='bbox 734 2132 824 2198; x_wconf 89' lang='lat' dir='ltr'><strong>locus</strong></span> <span class='ocrx_word' id='word_1_143' title='bbox 855 2130 895 2194; x_wconf 89' lang='lat' dir='ltr'><strong>de</strong></span> <span class='ocrx_word' id='word_1_144' title='bbox 923 2153 985 2218; x_wconf 91' lang='lat' dir='ltr'><strong>quo</strong></span> <span class='ocrx_word' id='word_1_145' title='bbox 1014 2128 1139 2214; x_wconf 84' lang='lat' dir='ltr'><strong>agimus</strong></span> <span class='ocrx_word' id='word_1_146' title='bbox 1165 2127 1322 2215; x_wconf 80' lang='lat' dir='ltr'><strong>interpret</strong></span> <span class='ocrx_word' id='word_1_147' title='bbox 1323 2147 1366 2190; x_wconf 86' lang='lat' dir='ltr'><strong>an·</strong></span> 
     </span>
     <span class='ocr_line' id='line_1_17' title="bbox 219 2237 1366 2328; baseline -0.005 -24"><span class='ocrx_word' id='word_1_148' title='bbox 219 2241 277 2304; x_wconf 88' lang='lat' dir='ltr'><strong>dus</strong></span> <span class='ocrx_word' id='word_1_149' title='bbox 313 2250 371 2304; x_wconf 91' lang='lat' dir='ltr'><strong>est.</strong></span> <span class='ocrx_word' id='word_1_150' title='bbox 417 2243 466 2306; x_wconf 89' lang='lat' dir='ltr'><strong>Ac</strong></span> <span class='ocrx_word' id='word_1_151' title='bbox 499 2240 592 2306; x_wconf 90' lang='lat' dir='ltr'><strong>nobis</strong></span> <span class='ocrx_word' id='word_1_152' title='bbox 628 2241 799 2328; x_wconf 87' lang='lat' dir='ltr'><strong>quidem</strong></span> <span class='ocrx_word' id='word_1_153' title='bbox 791 2249 895 2306; x_wconf 85' lang='lat' dir='ltr'><strong>mes&#39;se</strong></span> <span class='ocrx_word' id='word_1_154' title='bbox 929 2240 1057 2305; x_wconf 89' lang='lat' dir='ltr'><strong>videtur</strong></span> <span class='ocrx_word' id='word_1_155' title='bbox 1089 2237 1248 2303; x_wconf 84' lang='lat' dir='ltr'><strong>sententia</strong></span> <span class='ocrx_word' id='word_1_156' title='bbox 1281 2238 1366 2301; x_wconf 90' lang='lat' dir='ltr'><strong>haec·</strong></span> 
     </span>
     <span class='ocr_line' id='line_1_18' title="bbox 220 2347 1365 2417; baseline -0.005 -1"><span class='ocrx_word' id='word_1_157' title='bbox 220 2350 364 2416; x_wconf 84' lang='lat' dir='ltr'><strong>Necesse</strong></span> <span class='ocrx_word' id='word_1_158' title='bbox 395 2360 443 2414; x_wconf 87' lang='lat' dir='ltr'><strong>est</strong></span> <span class='ocrx_word' id='word_1_159' title='bbox 470 2359 525 2415; x_wconf 90' lang='lat' dir='ltr'><strong>aut</strong></span> <span class='ocrx_word' id='word_1_160' title='bbox 512 2352 656 2417; x_wconf 87' lang='lat' dir='ltr'><strong>tforma</strong></span> <span class='ocrx_word' id='word_1_161' title='bbox 680 2349 720 2416; x_wconf 90' lang='lat' dir='ltr'><strong>ad</strong></span> <span class='ocrx_word' id='word_1_162' title='bbox 742 2352 907 2415; x_wconf 86' lang='lat' dir='ltr'><strong>materiam</strong></span> <span class='ocrx_word' id='word_1_163' title='bbox 937 2361 992 2414; x_wconf 87' lang='lat' dir='ltr'><strong>aut</strong></span> <span class='ocrx_word' id='word_1_164' title='bbox 1021 2371 1072 2414; x_wconf 90' lang='lat' dir='ltr'><strong>ma</strong></span> <span class='ocrx_word' id='word_1_165' title='bbox 1074 2348 1154 2414; x_wconf 88' lang='lat' dir='ltr'><strong>teria</strong></span> <span class='ocrx_word' id='word_1_166' title='bbox 1177 2347 1218 2412; x_wconf 87' lang='lat' dir='ltr'><strong>ad</strong></span> <span class='ocrx_word' id='word_1_167' title='bbox 1240 2348 1365 2412; x_wconf 82' lang='lat' dir='ltr'><strong>formam</strong></span> 
     </span>
     <span class='ocr_line' id='line_1_19' title="bbox 220 2457 1367 2550; baseline -0.004 -26"><span class='ocrx_word' id='word_1_168' title='bbox 220 2483 253 2524; x_wconf 89' lang='lat' dir='ltr'><strong>se</strong></span> <span class='ocrx_word' id='word_1_169' title='bbox 277 2460 552 2526; x_wconf 87' lang='lat' dir='ltr'><strong>accommodett</strong></span> <span class='ocrx_word' id='word_1_170' title='bbox 519 2472 616 2550; x_wconf 88' lang='lat' dir='ltr'><strong>atque</strong></span> <span class='ocrx_word' id='word_1_171' title='bbox 640 2481 699 2525; x_wconf 91' lang='lat' dir='ltr'><strong>con</strong></span> <span class='ocrx_word' id='word_1_172' title='bbox 702 2462 826 2526; x_wconf 84' lang='lat' dir='ltr'><strong>f.ormet</strong></span> <span class='ocrx_word' id='word_1_173' title='bbox 872 2457 938 2526; x_wconf 82' lang='lat' dir='ltr'><strong>Sed</strong></span> <span class='ocrx_word' id='word_1_174' title='bbox 966 2460 1069 2523; x_wconf 87' lang='lat' dir='ltr'><strong>forma</strong></span> <span class='ocrx_word' id='word_1_175' title='bbox 1098 2457 1228 2545; x_wconf 86' lang='lat' dir='ltr'><strong>quidem</strong></span> <span class='ocrx_word' id='word_1_176' title='bbox 1251 2457 1292 2523; x_wconf 88' lang='lat' dir='ltr'><strong>ad</strong></span> <span class='ocrx_word' id='word_1_177' title='bbox 1313 2477 1367 2522; x_wconf 86' lang='lat' dir='ltr'><strong>ma·</strong></span> 
     </span>
     <span class='ocr_line' id='line_1_20' title="bbox 220 2568 1367 2658; baseline -0.008 -22"><span class='ocrx_word' id='word_1_178' title='bbox 220 2573 334 2636; x_wconf 86' lang='lat' dir='ltr'><strong>teriam</strong></span> <span class='ocrx_word' id='word_1_179' title='bbox 362 2569 596 2636; x_wconf 82' lang='lat' dir='ltr'><strong>accommodari</strong></span> <span class='ocrx_word' id='word_1_180' title='bbox 625 2571 751 2658; x_wconf 84' lang='lat' dir='ltr'><strong>nequit,</strong></span> <span class='ocrx_word' id='word_1_181' title='bbox 783 2573 904 2658; x_wconf 90' lang='lat' dir='ltr'><strong>quippe</strong></span> <span class='ocrx_word' id='word_1_182' title='bbox 936 2591 1019 2658; x_wconf 85' lang='lat' dir='ltr'><strong>quae</strong></span> <span class='ocrx_word' id='word_1_183' title='bbox 1045 2569 1176 2633; x_wconf 88' lang='lat' dir='ltr'><strong>hae&#39;t</strong></span> <span class='ocrx_word' id='word_1_184' title='bbox 1135 2577 1176 2633; x_wconf 85' lang='grc' dir='ltr'><strong>ιιι</strong></span> <span class='ocrx_word' id='word_1_185' title='bbox 1205 2568 1317 2633; x_wconf 83' lang='lat' dir='ltr'><strong>melior</strong></span> <span class='ocrx_word' id='word_1_186' title='bbox 1341 2572 1367 2628; x_wconf 89' lang='lat' dir='ltr'><strong>et</strong></span> 
     </span>
     <span class='ocr_line' id='line_1_21' title="bbox 218 2676 1367 2772; baseline -0.01 -23"><span class='ocrx_word' id='word_1_187' title='bbox 218 2693 369 2772; x_wconf 86' lang='lat' dir='ltr'><strong>praestan</strong></span> <span class='ocrx_word' id='word_1_188' title='bbox 371 2682 572 2769; x_wconf 83' lang='lat' dir='ltr'><strong>tior‚1taque</strong></span> <span class='ocrx_word' id='word_1_189' title='bbox 595 2703 728 2747; x_wconf 88' lang='lat' dir='ltr'><strong>necesse</strong></span> <span class='ocrx_word' id='word_1_190' title='bbox 744 2690 793 2747; x_wconf 89' lang='lat' dir='ltr'><strong>est</strong></span> <span class='ocrx_word' id='word_1_191' title='bbox 807 2681 941 2746; x_wconf 88' lang='lat' dir='ltr'><strong>materia</strong></span> <span class='ocrx_word' id='word_1_192' title='bbox 962 2676 1222 2745; x_wconf 78' lang='lat' dir='ltr'><strong>accommodetur</strong></span> <span class='ocrx_word' id='word_1_193' title='bbox 1244 2678 1367 2754; x_wconf 83' lang='lat' dir='ltr'><strong>formae,</strong></span> 
     </span>
     <span class='ocr_line' id='line_1_22' title="bbox 220 2785 1371 2890; baseline -0.009 -33"><span class='ocrx_word' id='word_1_194' title='bbox 220 2817 293 2858; x_wconf 88' lang='lat' dir='ltr'><strong>cum</strong></span> <span class='ocrx_word' id='word_1_195' title='bbox 317 2815 355 2858; x_wconf 91' lang='lat' dir='ltr'><strong>ea</strong></span> <span class='ocrx_word' id='word_1_196' title='bbox 378 2815 435 2880; x_wconf 89' lang='lat' dir='ltr'><strong>per</strong></span> <span class='ocrx_word' id='word_1_197' title='bbox 458 2813 492 2858; x_wconf 89' lang='lat' dir='ltr'><strong>se</strong></span> <span class='ocrx_word' id='word_1_198' title='bbox 514 2793 601 2858; x_wconf 92' lang='lat' dir='ltr'><strong>omni</strong></span> <span class='ocrx_word' id='word_1_199' title='bbox 623 2794 726 2859; x_wconf 86' lang='lat' dir='ltr'><strong>forma</strong></span> <span class='ocrx_word' id='word_1_200' title='bbox 749 2801 865 2858; x_wconf 88' lang='lat' dir='ltr'><strong>careat.</strong></span> <span class='ocrx_word' id='word_1_201' title='bbox 911 2791 1100 2890; x_wconf 71' lang='lat' dir='ltr'><strong>conformat</strong></span> <span class='ocrx_word' id='word_1_202' title='bbox 1118 2797 1226 2854; x_wconf 83' lang='lat' dir='ltr'><strong>autem</strong></span> <span class='ocrx_word' id='word_1_203' title='bbox 1242 2785 1371 2854; x_wconf 83' lang='lat' dir='ltr'><strong>materia</strong></span> 
     </span>
     <span class='ocr_line' id='line_1_23' title="bbox 151 2894 1369 2991; baseline -0.007 -23"><span class='ocrx_word' id='word_1_204' title='bbox 151 2903 158 2918; x_wconf 60' lang='lat'>⁸</span> <span class='ocrx_word' id='word_1_205' title='bbox 219 2926 253 2968; x_wconf 87' lang='lat' dir='ltr'><strong>se</strong></span> <span class='ocrx_word' id='word_1_206' title='bbox 276 2902 318 2967; x_wconf 87' lang='lat' dir='ltr'><strong>ad</strong></span> <span class='ocrx_word' id='word_1_207' title='bbox 340 2902 446 2986; x_wconf 87' lang='lat' dir='ltr'><strong>illam,</strong></span> <span class='ocrx_word' id='word_1_208' title='bbox 475 2926 549 2968; x_wconf 91' lang='lat' dir='ltr'><strong>cum</strong></span> <span class='ocrx_word' id='word_1_209' title='bbox 582 2904 649 2968; x_wconf 88' lang='lat' dir='ltr'><strong>eius</strong></span> <span class='ocrx_word' id='word_1_210' title='bbox 672 2912 823 2972; x_wconf 88' lang='lat' dir='ltr'><strong>naturam</strong></span> <span class='ocrx_word' id='word_1_211' title='bbox 845 2909 986 2991; x_wconf 84' lang='lat' dir='ltr'><strong>appetat.</strong></span> <span class='ocrx_word' id='word_1_212' title='bbox 1030 2899 1218 2966; x_wconf 80' lang='lat' dir='ltr'><strong>Attamen</strong></span> <span class='ocrx_word' id='word_1_213' title='bbox 1209 2921 1236 2964; x_wconf 83' lang='lat' dir='ltr'><strong>ra</strong></span> <span class='ocrx_word' id='word_1_214' title='bbox 1259 2894 1369 2986; x_wconf 89' lang='lat' dir='ltr'><strong>appeti-</strong></span> 
     </span>
     <span class='ocr_line' id='line_1_24' title="bbox 219 3007 1368 3102; baseline -0.009 -22"><span class='ocrx_word' id='word_1_215' title='bbox 219 3023 270 3080; x_wconf 88' lang='lat' dir='ltr'><strong>tus</strong></span> <span class='ocrx_word' id='word_1_216' title='bbox 293 3035 351 3102; x_wconf 92' lang='lat' dir='ltr'><strong>per</strong></span> <span class='ocrx_word' id='word_1_217' title='bbox 374 3014 633 3100; x_wconf 86' lang='lat' dir='ltr'><strong>formam1psam</strong></span> <span class='ocrx_word' id='word_1_218' title='bbox 656 3013 827 3096; x_wconf 85' lang='lat' dir='ltr'><strong>excitatur,</strong></span> <span class='ocrx_word' id='word_1_219' title='bbox 851 3036 869 3078; x_wconf 91' lang='lat' dir='ltr'><strong>a</strong></span> <span class='ocrx_word' id='word_1_220' title='bbox 893 3035 956 3101; x_wconf 87' lang='lat' dir='ltr'><strong>qua</strong></span> <span class='ocrx_word' id='word_1_221' title='bbox 971 3020 1075 3077; x_wconf 86' lang='lat' dir='ltr'><strong>motus</strong></span> <span class='ocrx_word' id='word_1_222' title='bbox 1090 3033 1164 3097; x_wconf 91' lang='lat' dir='ltr'><strong>quo,</strong></span> <span class='ocrx_word' id='word_1_223' title='bbox 1187 3019 1225 3075; x_wconf 88' lang='lat' dir='ltr'><strong>ut</strong></span> <span class='ocrx_word' id='word_1_224' title='bbox 1243 3007 1368 3080; x_wconf 85' lang='lat' dir='ltr'><strong>materia</strong></span> 
     </span>
     <span class='ocr_line' id='line_1_25' title="bbox 221 3121 1369 3216; baseline -0.007 -27"><span class='ocrx_word' id='word_1_225' title='bbox 221 3135 319 3213; x_wconf 89' lang='lat' dir='ltr'><strong>appet</strong></span> <span class='ocrx_word' id='word_1_226' title='bbox 320 3148 373 3190; x_wconf 88' lang='grc' dir='ltr'><strong>ιιι</strong></span> <span class='ocrx_word' id='word_1_227' title='bbox 395 3123 512 3211; x_wconf 87' lang='lat' dir='ltr'><strong>possit,</strong></span> <span class='ocrx_word' id='word_1_228' title='bbox 545 3146 624 3210; x_wconf 91' lang='lat' dir='ltr'><strong>opus</strong></span> <span class='ocrx_word' id='word_1_229' title='bbox 656 3132 705 3188; x_wconf 88' lang='lat' dir='ltr'><strong>est</strong></span> <span class='ocrx_word' id='word_1_230' title='bbox 728 3125 880 3190; x_wconf 86' lang='lat' dir='ltr'><strong>exorit.ur</strong></span> <span class='ocrx_word' id='word_1_231' title='bbox 924 3123 989 3189; x_wconf 89' lang='lat' dir='ltr'><strong>Put</strong></span> <span class='ocrx_word' id='word_1_232' title='bbox 976 3134 1079 3187; x_wconf 89' lang='lat' dir='ltr'><strong>tamus</strong></span> <span class='ocrx_word' id='word_1_233' title='bbox 1101 3121 1186 3186; x_wconf 90' lang='lat' dir='ltr'><strong>enim</strong></span> <span class='ocrx_word' id='word_1_234' title='bbox 1211 3139 1369 3216; x_wconf 88' lang='lat' dir='ltr'><strong>apparere,</strong></span> 
     </span>
     <span class='ocr_line' id='line_1_26' title="bbox 219 3231 1369 3322; baseline -0.009 -22"><span class='ocrx_word' id='word_1_235' title='bbox 219 3235 352 3300; x_wconf 89' lang='lat' dir='ltr'><strong>subesse</strong></span> <span class='ocrx_word' id='word_1_236' title='bbox 364 3234 412 3298; x_wconf 89' lang='lat' dir='ltr'><strong>his</strong></span> <span class='ocrx_word' id='word_1_237' title='bbox 425 3231 602 3298; x_wconf 78' lang='lat' dir='ltr'><strong>doctrinam</strong></span> <span class='ocrx_word' id='word_1_238' title='bbox 615 3233 852 3317; x_wconf 73' lang='lat' dir='ltr'><strong>Aristotelem,</strong></span> <span class='ocrx_word' id='word_1_239' title='bbox 872 3234 971 3298; x_wconf 91' lang='lat' dir='ltr'><strong>nihil</strong></span> <span class='ocrx_word' id='word_1_240' title='bbox 962 3257 1067 3322; x_wconf 78' lang='lat' dir='ltr'><strong>ipsum</strong></span> <span class='ocrx_word' id='word_1_241' title='bbox 1083 3256 1116 3298; x_wconf 87' lang='lat' dir='ltr'><strong>sc</strong></span> <span class='ocrx_word' id='word_1_242' title='bbox 1132 3253 1260 3297; x_wconf 86' lang='lat' dir='ltr'><strong>movere</strong></span> <span class='ocrx_word' id='word_1_243' title='bbox 1271 3249 1369 3318; x_wconf 89' lang='lat' dir='ltr'><strong>posse,</strong></span> 
     </span>
     <span class='ocr_line' id='line_1_27' title="bbox 220 3341 1369 3432; baseline -0.005 -22"><span class='ocrx_word' id='word_1_244' title='bbox 220 3343 277 3410; x_wconf 89' lang='lat' dir='ltr'><strong>sed</strong></span> <span class='ocrx_word' id='word_1_245' title='bbox 308 3343 466 3432; x_wconf 86' lang='lat' dir='ltr'><strong>quidquid</strong></span> <span class='ocrx_word' id='word_1_246' title='bbox 497 3355 663 3410; x_wconf 86' lang='lat' dir='ltr'><strong>moveatur</strong></span> <span class='ocrx_word' id='word_1_247' title='bbox 699 3345 784 3411; x_wconf 90' lang='lat' dir='ltr'><strong>aliud</strong></span> <span class='ocrx_word' id='word_1_248' title='bbox 813 3344 908 3432; x_wconf 90' lang='lat' dir='ltr'><strong>quod</strong></span> <span class='ocrx_word' id='word_1_249' title='bbox 928 3353 1056 3409; x_wconf 87' lang='lat' dir='ltr'><strong>moveat</strong></span> <span class='ocrx_word' id='word_1_250' title='bbox 1078 3343 1260 3431; x_wconf 89' lang='lat' dir='ltr'><strong>requirere.</strong></span> <span class='ocrx_word' id='word_1_251' title='bbox 1303 3341 1369 3420; x_wconf 77' lang='lat' dir='ltr'><strong>Quo</strong></span> 
     </span>
     <span class='ocr_line' id='line_1_28' title="bbox 221 3437 1369 3542; baseline -0.005 -22"><span class='ocrx_word' id='word_1_252' title='bbox 221 3456 266 3535; x_wconf 82' lang='lat' dir='ltr'><strong>fit,</strong></span> <span class='ocrx_word' id='word_1_253' title='bbox 290 3464 326 3519; x_wconf 91' lang='lat' dir='ltr'><strong>ut</strong></span> <span class='ocrx_word' id='word_1_254' title='bbox 347 3453 381 3518; x_wconf 89' lang='lat' dir='ltr'><strong>id</strong></span> <span class='ocrx_word' id='word_1_255' title='bbox 405 3453 490 3542; x_wconf 87' lang='lat' dir='ltr'><strong>quod</strong></span> <span class='ocrx_word' id='word_1_256' title='bbox 513 3455 658 3521; x_wconf 92' lang='lat' dir='ltr'><strong>ultimum</strong></span> <span class='ocrx_word' id='word_1_257' title='bbox 681 3467 788 3522; x_wconf 90' lang='lat' dir='ltr'><strong>movet</strong></span> <span class='ocrx_word' id='word_1_258' title='bbox 810 3456 916 3542; x_wconf 87' lang='lat' dir='ltr'><strong>ipsum</strong></span> <span class='ocrx_word' id='word_1_259' title='bbox 938 3437 980 3518; x_wconf 89' lang='lat' dir='ltr'><strong>sit</strong></span> <span class='ocrx_word' id='word_1_260' title='bbox 1001 3454 1179 3520; x_wconf 90' lang='lat' dir='ltr'><strong>immotum.</strong></span> <span class='ocrx_word' id='word_1_261' title='bbox 1214 3456 1326 3542; x_wconf 90' lang='lat' dir='ltr'><strong>Iaque</strong></span> <span class='ocrx_word' id='word_1_262' title='bbox 1341 3448 1369 3514; x_wconf 88' lang='grc' dir='ltr'><strong>ιι</strong></span> 
     </span>
     <span class='ocr_line' id='line_1_29' title="bbox 221 3562 1369 3680; baseline -0.006 -50"><span class='ocrx_word' id='word_1_263' title='bbox 221 3566 308 3654; x_wconf 91' lang='lat' dir='ltr'><strong>quod</strong></span> <span class='ocrx_word' id='word_1_264' title='bbox 331 3565 371 3668; x_wconf 82' lang='lat' dir='ltr'><strong>ab</strong></span> <span class='ocrx_word' id='word_1_265' title='bbox 395 3587 432 3629; x_wconf 92' lang='lat' dir='ltr'><strong>eo</strong></span> <span class='ocrx_word' id='word_1_266' title='bbox 455 3574 603 3631; x_wconf 89' lang='lat' dir='ltr'><strong>movetur</strong></span> <span class='ocrx_word' id='word_1_267' title='bbox 626 3565 722 3631; x_wconf 89' lang='lat' dir='ltr'><strong>illud</strong></span> <span class='ocrx_word' id='word_1_268' title='bbox 727 3576 824 3654; x_wconf 87' lang='lat' dir='ltr'><strong>appet</strong></span> <span class='ocrx_word' id='word_1_269' title='bbox 812 3565 859 3647; x_wconf 82' lang='lat' dir='ltr'><strong>tit,</strong></span> <span class='ocrx_word' id='word_1_270' title='bbox 884 3564 941 3628; x_wconf 87' lang='lat' dir='ltr'><strong>sed</strong></span> <span class='ocrx_word' id='word_1_271' title='bbox 964 3562 1126 3650; x_wconf 85' lang='lat' dir='ltr'><strong>appetitus</strong></span> <span class='ocrx_word' id='word_1_272' title='bbox 1129 3566 1211 3680; x_wconf 88' lang='lat' dir='ltr'><strong>ipse</strong></span> <span class='ocrx_word' id='word_1_273' title='bbox 1226 3574 1258 3629; x_wconf 90' lang='lat' dir='ltr'><strong>et</strong></span> <span class='ocrx_word' id='word_1_274' title='bbox 1272 3571 1369 3628; x_wconf 90' lang='lat' dir='ltr'><strong>motus</strong></span> 
     </span>
     <span class='ocr_line' id='line_1_30' title="bbox 224 3649 1370 3764; baseline -0.009 -22"><span class='ocrx_word' id='word_1_275' title='bbox 224 3675 333 3764; x_wconf 93' lang='lat' dir='ltr'><strong>quiin</strong></span> <span class='ocrx_word' id='word_1_276' title='bbox 357 3696 394 3739; x_wconf 89' lang='grc' dir='ltr'><strong>ιο</strong></span> <span class='ocrx_word' id='word_1_277' title='bbox 419 3675 560 3740; x_wconf 88' lang='lat' dir='ltr'><strong>cernitur</strong></span> <span class='ocrx_word' id='word_1_278' title='bbox 587 3676 746 3742; x_wconf 89' lang='lat' dir='ltr'><strong>excitatur</strong></span> <span class='ocrx_word' id='word_1_279' title='bbox 776 3676 815 3741; x_wconf 90' lang='lat' dir='ltr'><strong>ab</strong></span> <span class='ocrx_word' id='word_1_280' title='bbox 845 3695 882 3740; x_wconf 91' lang='lat' dir='ltr'><strong>eo</strong></span> <span class='ocrx_word' id='word_1_281' title='bbox 913 3671 999 3761; x_wconf 89' lang='lat' dir='ltr'><strong>quod</strong></span> <span class='ocrx_word' id='word_1_282' title='bbox 1028 3649 1146 3739; x_wconf 75' lang='lat' dir='ltr'><strong>movei.</strong></span> <span class='ocrx_word' id='word_1_283' title='bbox 1192 3674 1299 3762; x_wconf 88' lang='lat' dir='ltr'><strong>Atque</strong></span> <span class='ocrx_word' id='word_1_284' title='bbox 1320 3667 1370 3735; x_wconf 87' lang='lat' dir='ltr'><strong>tali</strong></span> 
     </span>
    </p>

    <p class='ocr_par' dir='ltr' id='par_1_8' title="bbox 220 3785 810 3873">
     <span class='ocr_line' id='line_1_31' title="bbox 220 3785 810 3873; baseline -0.005 -19"><span class='ocrx_word' id='word_1_285' title='bbox 220 3788 315 3854; x_wconf 89' lang='lat' dir='ltr'><strong>modo</strong></span> <span class='ocrx_word' id='word_1_286' title='bbox 339 3789 442 3852; x_wconf 84' lang='lat' dir='ltr'><strong>forma</strong></span> <span class='ocrx_word' id='word_1_287' title='bbox 465 3796 574 3852; x_wconf 85' lang='lat' dir='ltr'><strong>movet</strong></span> <span class='ocrx_word' id='word_1_288' title='bbox 596 3787 762 3853; x_wconf 90' lang='lat' dir='ltr'><strong>materiam</strong></span> <span class='ocrx_word' id='word_1_289' title='bbox 774 3785 810 3873; x_wconf 79' lang='lat'><strong>⁹.)</strong></span> 
     </span>
    </p>

    <p class='ocr_par' dir='ltr' id='par_1_9' title="bbox 310 3890 1430 4656">
     <span class='ocr_line' id='line_1_32' title="bbox 310 3890 1371 3986; baseline -0.008 -24"><span class='ocrx_word' id='word_1_290' title='bbox 310 3896 462 3962; x_wconf 91' lang='lat' dir='ltr'><strong>Videmus</strong></span> <span class='ocrx_word' id='word_1_291' title='bbox 484 3897 583 3983; x_wconf 86' lang='lat' dir='ltr'><strong>igitur</strong></span> <span class='ocrx_word' id='word_1_292' title='bbox 606 3907 756 3986; x_wconf 87' lang='lat' dir='ltr'><strong>quattuor</strong></span> <span class='ocrx_word' id='word_1_293' title='bbox 779 3919 858 3984; x_wconf 86' lang='lat' dir='ltr'><strong>qaas</strong></span> <span class='ocrx_word' id='word_1_294' title='bbox 875 3893 1065 3960; x_wconf 88' lang='lat' dir='ltr'><strong>Aristoteles</strong></span> <span class='ocrx_word' id='word_1_295' title='bbox 1081 3893 1160 3960; x_wconf 89' lang='lat' dir='ltr'><strong>Met.</strong></span> <span class='ocrx_word' id='word_1_296' title='bbox 1176 3896 1217 3962; x_wconf 95' lang='lat' dir='ltr'><strong>A.</strong></span> <span class='ocrx_word' id='word_1_297' title='bbox 1230 3895 1250 3962; x_wconf 89' lang='lat'><strong>3</strong></span> <span class='ocrx_word' id='word_1_298' title='bbox 1272 3890 1371 3982; x_wconf 89' lang='lat' dir='ltr'><strong>posuit</strong></span> 
     </span>
     <span class='ocr_line' id='line_1_33' title="bbox 1429 4337 1430 4368; baseline 0 0"><span class='ocrx_word' id='word_1_299' title='bbox 1429 4337 1430 4368; x_wconf 88' lang='lat' dir='ltr'><strong>l</strong></span> 
     </span>
     <span class='ocr_line' id='line_1_34' title="bbox 1429 4379 1430 4430; baseline 0 0"><span class='ocrx_word' id='word_1_300' title='bbox 1429 4379 1430 4430; x_wconf 88' lang='lat' dir='ltr'><strong>l</strong></span> 
     </span>
     <span class='ocr_line' id='line_1_35' title="bbox 1429 4605 1430 4710; baseline 0 -54"><span class='ocrx_word' id='word_1_301' title='bbox 1429 4605 1430 4710; x_wconf 83' lang='lat' dir='ltr'><strong>l</strong></span> 
     </span>
    </p>
   </div>
   <div class='ocr_carea' id='block_1_3' title="bbox 221 4117 1430 4538">
    <p class='ocr_par' dir='ltr' id='par_1_10' title="bbox 223 4117 1430 4538">
     <span class='ocr_line' id='line_1_36' title="bbox 296 4117 575 4185; baseline 0 -17"><span class='ocrx_word' id='word_1_302' title='bbox 296 4117 414 4185; x_wconf 89' lang='lat' dir='ltr'><strong>¹.)Phys</strong></span> <span class='ocrx_word' id='word_1_303' title='bbox 433 4118 469 4183; x_wconf 95' lang='grc' dir='ltr'><strong>ΙΙ,</strong></span> <span class='ocrx_word' id='word_1_304' title='bbox 491 4121 513 4168; x_wconf 89' lang='grc'><strong>6.</strong></span> <span class='ocrx_word' id='word_1_305' title='bbox 533 4133 575 4173; x_wconf 83' lang='lat' dir='ltr'><strong>ex.</strong></span> 
     </span>
     <span class='ocr_line' id='line_1_37' title="bbox 296 4183 1371 4273; baseline -0.008 -15.924"><span class='ocrx_word' id='word_1_306' title='bbox 296 4205 414 4273; x_wconf 82' lang='lat' dir='ltr'><strong>¹)Phys</strong></span> <span class='ocrx_word' id='word_1_307' title='bbox 433 4206 468 4269; x_wconf 92' lang='grc' dir='ltr'><strong>ΙΙ,</strong></span> <span class='ocrx_word' id='word_1_308' title='bbox 489 4211 513 4257; x_wconf 98' lang='grc'><strong>7.</strong></span> <span class='ocrx_word' id='word_1_309' title='bbox 535 4183 1371 4272; x_wconf 72' lang='grc' dir='ltr'>ιιιιιιιδιτταὶδὲοιάρχαὶαικινουσαιφυοικῶι,ὧν</span> 
     </span>
     <span class='ocr_line' id='line_1_38' title="bbox 221 4282 1430 4363; baseline -0.008 -18.732"><span class='ocrx_word' id='word_1_310' title='bbox 221 4287 383 4359; x_wconf 73' lang='grc' dir='ltr'>ἡὲιέρα“</span> <span class='ocrx_word' id='word_1_311' title='bbox 353 4311 385 4344; x_wconf 88' lang='lat' dir='ltr'><strong>on</strong></span> <span class='ocrx_word' id='word_1_312' title='bbox 409 4289 528 4363; x_wconf 81' lang='grc' dir='ltr'>φυσική</span> <span class='ocrx_word' id='word_1_313' title='bbox 554 4288 585 4345; x_wconf 88' lang='grc' dir='ltr'><strong>οὐ</strong></span> <span class='ocrx_word' id='word_1_314' title='bbox 608 4290 662 4362; x_wconf 75' lang='grc' dir='ltr'><strong>γὰρ</strong></span> <span class='ocrx_word' id='word_1_315' title='bbox 690 4291 744 4360; x_wconf 83' lang='grc' dir='ltr'>ἔχει</span> <span class='ocrx_word' id='word_1_316' title='bbox 768 4286 899 4357; x_wconf 78' lang='grc' dir='ltr'>κινήσεως</span> <span class='ocrx_word' id='word_1_317' title='bbox 924 4284 1011 4358; x_wconf 79' lang='grc' dir='ltr'><strong><em>ἀρχὴν</em></strong></span> <span class='ocrx_word' id='word_1_318' title='bbox 1035 4287 1064 4344; x_wconf 77' lang='grc' dir='ltr'><strong>ἐν</strong></span> <span class='ocrx_word' id='word_1_319' title='bbox 1094 4286 1169 4362; x_wconf 80' lang='grc' dir='ltr'><strong>αὐτῆ.</strong></span> <span class='ocrx_word' id='word_1_320' title='bbox 1193 4291 1315 4343; x_wconf 75' lang='grc' dir='ltr'>τοιοῦτον</span> <span class='ocrx_word' id='word_1_321' title='bbox 1341 4282 1369 4336; x_wconf 78' lang='grc' dir='ltr'><strong>δ’</strong></span> <span class='ocrx_word' id='word_1_322' title='bbox 1429 4333 1430 4336; x_wconf 76' lang='grc'><strong>,</strong></span> 
     </span>
     <span class='ocr_line' id='line_1_39' title="bbox 223 4369 1370 4451; baseline -0.007 -19"><span class='ocrx_word' id='word_1_323' title='bbox 223 4379 296 4433; x_wconf 78' lang='grc' dir='ltr'>ἔστιν</span> <span class='ocrx_word' id='word_1_324' title='bbox 315 4381 341 4432; x_wconf 80' lang='grc' dir='ltr'><strong>εἴ</strong></span> <span class='ocrx_word' id='word_1_325' title='bbox 357 4400 382 4433; x_wconf 80' lang='grc' dir='ltr'><strong>ιι</strong></span> <span class='ocrx_word' id='word_1_326' title='bbox 397 4385 469 4433; x_wconf 76' lang='grc' dir='ltr'>κινεῖ</span> <span class='ocrx_word' id='word_1_327' title='bbox 483 4378 522 4451; x_wconf 80' lang='grc' dir='ltr'><strong>μὴ</strong></span> <span class='ocrx_word' id='word_1_328' title='bbox 541 4376 717 4450; x_wconf 80' lang='grc' dir='ltr'>κινούμενον,</span> <span class='ocrx_word' id='word_1_329' title='bbox 743 4375 835 4446; x_wconf 78' lang='grc' dir='ltr'><strong><em>ὥσπερ</em></strong></span> <span class='ocrx_word' id='word_1_330' title='bbox 858 4372 888 4429; x_wconf 83' lang='grc' dir='ltr'><strong>τό</strong></span> <span class='ocrx_word' id='word_1_331' title='bbox 911 4393 940 4430; x_wconf 87' lang='grc' dir='ltr'><strong>τε</strong></span> <span class='ocrx_word' id='word_1_332' title='bbox 965 4378 1104 4437; x_wconf 76' lang='grc' dir='ltr'><strong><em>παντελῶς</em></strong></span> <span class='ocrx_word' id='word_1_333' title='bbox 1129 4374 1260 4447; x_wconf 74' lang='grc' dir='ltr'><strong>ἀκίνητον</strong></span> <span class='ocrx_word' id='word_1_334' title='bbox 1281 4375 1327 4431; x_wconf 74' lang='grc' dir='ltr'><strong>καὶ</strong></span> <span class='ocrx_word' id='word_1_335' title='bbox 1342 4369 1370 4426; x_wconf 82' lang='grc' dir='ltr'><strong>ιι</strong></span> 
     </span>
     <span class='ocr_line' id='line_1_40' title="bbox 223 4461 922 4538; baseline -0.004 -19"><span class='ocrx_word' id='word_1_336' title='bbox 223 4463 335 4522; x_wconf 79' lang='grc' dir='ltr'><em>πάντων</em></span> <span class='ocrx_word' id='word_1_337' title='bbox 354 4485 464 4538; x_wconf 79' lang='grc' dir='ltr'>πρωιον</span> <span class='ocrx_word' id='word_1_338' title='bbox 483 4471 530 4522; x_wconf 82' lang='grc' dir='ltr'><strong>καὶ</strong></span> <span class='ocrx_word' id='word_1_339' title='bbox 547 4466 577 4522; x_wconf 67' lang='lat' dir='ltr'><strong>ro*</strong></span> <span class='ocrx_word' id='word_1_340' title='bbox 597 4471 625 4522; x_wconf 81' lang='grc' dir='ltr'><strong>τί</strong></span> <span class='ocrx_word' id='word_1_341' title='bbox 641 4468 698 4522; x_wconf 73' lang='grc' dir='ltr'>ἐστι</span> <span class='ocrx_word' id='word_1_342' title='bbox 716 4461 794 4520; x_wconf 78' lang='grc' dir='ltr'><strong>καὶ</strong></span> <span class='ocrx_word' id='word_1_343' title='bbox 781 4487 797 4534; x_wconf 83' lang='grc' dir='ltr'><em>η</em></span> <span class='ocrx_word' id='word_1_344' title='bbox 815 4461 922 4538; x_wconf 78' lang='grc' dir='ltr'><strong>μορφή.</strong></span> 
     </span>
    </p>
   </div>
   <div class='ocr_carea' id='block_1_4' title="bbox 0 0 1453 5076">
    <p class='ocr_par' dir='ltr' id='par_1_11' title="bbox 0 0 1453 5076">
     <span class='ocr_line' id='line_1_41' title="bbox 0 0 1453 5076; baseline 0 0"><span class='ocrx_word' id='word_1_345' title='bbox 0 0 1453 5076; x_wconf 95' lang='lat' dir='ltr'><strong> </strong></span> 
     </span>
    </p>
   </div>
  </div>
 </body>
</html>
