2950 5076
697 447 931 513 -108-

227 645 286 708 pro
309 621 403 687 domo
433 619 510 685 dicit
533 619 712 700 civitatem,
744 643 819 685 cum
849 616 918 681 sive
942 616 1056 684 domus
1079 618 1146 689 sive
1171 613 1306 684 civitatis
1327 622 1378 677 sta·

226 732 289 798 tuis
317 729 574 812 similitudinem,
611 753 663 796 res
681 723 732 794 ¹ad
760 728 846 796 idem
874 729 942 794 fere
970 728 1091 794 redeat.
1137 729 1176 794 ln
1206 729 1378 795 universum

227 851 333 908 autem
365 842 472 908 dicere
499 840 655 906 audemus
684 839 933 928 explicationem
955 841 1064 926 paullo
1087 840 1216 928 lougius
1238 835 1378 904 recedere

227 977 245 1017 a
268 951 375 1018 verbis
397 949 591 1039 philosophi.
636 951 746 1038 Atque
773 959 849 1015 sunt
871 947 953 1014 aliae
974 960 1143 1038 praeterea
1156 971 1283 1030 causae,
1307 967 1378 1034 quae

227 1059 398 1149 quominus
434 1064 466 1128 in
498 1059 632 1128 eandem
670 1084 743 1126 eum
772 1057 919 1126 Bonitzio
951 1060 1143 1126 sententiam
1177 1057 1379 1127 concedamus

226 1171 415 1258 impediunt.
460 1172 603 1240 Primum
635 1170 721 1236 enim
751 1169 911 1235 sententia
937 1191 1035 1258 quam
1064 1171 1232 1238 Bonitzius
1264 1157 1378 1251 διακρί-

228 1287 351 1349 νεσθαι
373 1283 472 1348 verbo
498 1281 629 1348 subicit:
657 1303 764 1346 rerum
795 1279 925 1346 interitu
949 1278 1083 1346 aliarum
1107 1281 1192 1348 effici
1215 1277 1381 1372 generatio·

226 1415 320 1474 nem,
350 1390 449 1458 libros
477 1392 692 1459 Aristoteleos
720 1389 903 1477 legentibus
932 1391 1061 1479 saepius
1093 1391 1250 1474 occurrit,
1281 1391 1320 1454 ef.
1347 1385 1380 1450 de

226 1523 300 1590 geu.
329 1513 362 1568 et
393 1525 476 1569 corr.
500 1501 532 1585 I,
560 1503 589 1568 3.
621 1501 795 1581 318023,
825 1510 935 1566 tamen
967 1523 1127 1590 nusquam
1155 1497 1381 1589 διακρίνεσθαι

226 1613 325 1680 verbo
349 1611 504 1696 redditur,
534 1611 621 1700 qnod
645 1611 812 1677 Bonitaius
842 1610 912 1699 ipse
943 1612 1121 1678 concedere
1149 1613 1287 1693 videtur,
1317 1631 1380 1674 cum

226 1747 388 1791 neutrum
413 1722 544 1812 quidem
567 1723 661 1789 huius
688 1745 765 1788 usus
794 1723 979 1810 exemplum
1008 1723 1161 1790 attulerit.
1208 1720 1333 1789 Deinde
1352 1717 1379 1782 iu

226 1837 288 1902 hac
310 1833 578 1923 interpretatione
600 1832 684 1898 inest
707 1831 792 1898 idem
812 1831 1046 1921 propterquod
1062 1830 1382 1919 Alexanderclphro·

226 1945 373 2011 diniensis
397 1941 542 2031 magistri
566 1942 758 2008 sententiam
780 1942 943 2030 reprobat.
978 1943 1092 2020 Refert
1115 1944 1200 2010 enim
1225 1936 1380 2010 Bonitaius

227 2065 260 2120 et
279 2057 349 2142 ipse
368 2051 500 2121 δίαασιν
522 2075 636 2119 vocem
659 2052 699 2118 ad
724 2073 778 2118 eas
799 2051 888 2118 001οει
907 2076 958 2118 res
975 2075 1060 2142 qnae
1075 2055 1157 2121 fiunt
1173 2065 1206 2122 et
1220 2055 1380 2126 intereunt,
1440 2061 1441 2074 ¹

227 2165 313 2254 quod
337 2189 375 2232 eo
399 2165 503 2231 minus
531 2162 766 2230 admittendum
797 2171 859 2246 est,
889 2187 963 2230 cum
990 2160 1125 2232 ἅπαντα
1154 2166 1188 2230 iu
1221 2159 1380 2230 enunciata

225 2278 316 2342 iuxta
338 2275 460 2365 posito:
483 2273 539 2340 καί
563 2265 650 2338 ίίλλα
673 2270 779 2350 οὕτως
799 2268 878 2350 ἐστι’,
903 2261 949 2338 dv
964 2279 1118 2342 κοινωνεῖ
1131 2271 1267 2342 ἅπαντα
1289 2268 1334 2350 εἷς
1347 2263 1379 2333 vd

226 2383 314 2464 ίίλον,
354 2386 396 2451 ad
429 2407 540 2450 omnes
574 2384 703 2450 omuino
742 2405 825 2470 quae
858 2394 988 2451 exstent
1021 2409 1074 2452 res
1108 2387 1271 2475 pertinere
1302 2378 1380 2446 velit.

123 2556 130 2563 .
226 2496 339 2584 Pergit
366 2495 466 2560 enirn:
502 2494 630 2582 aliaque
666 2514 750 2580 quae
779 2494 990 2562 communiter
1019 2497 1323 2562 omnia'eonferunt
1346 2485 1379 2554 ad

227 2605 422 2672 servandum
451 2603 561 2670 muudi
589 2603 745 2670 ordinem.
791 2605 943 2694 Denique
970 2629 1035 2674 nou
1059 2605 1135 2673 satis
1158 2607 1220 2673 sibi
1244 2613 1381 2673 constare

226 2717 355 2784 videtur
376 2715 427 2781 vir
450 2697 685 2784 eruditissimus
708 2715 740 2782 iu
765 2716 992 2805 explicatione.
1031 2717 1117 2782 Nam
1138 2716 1276 2806 primum
1292 2711 1382 2782 verba
1441 2767 1442 2772 ,

226 2827 304 2895 facit
331 2827 371 2894 de
396 2826 505 2892 mundi
537 2827 650 2893 ordine
679 2826 850 2893 efficiendo
879 2839 912 2894 et
934 2820 1175 2908 conservando,
1206 2826 1321 2895 deinde
1348 2821 1382 2888 de

226 2938 346 3005 mundo
370 2937 634 3021 consummando,
657 2948 724 3004 tum
749 2935 790 3002 ad
815 2937 957 3004 universi
979 2937 1090 3004 mundi
1115 2938 1260 3006 ordinem
1282 2933 1368 3003 redit.

313 3051 384 3116 Iam
415 3048 598 3131 videamus,
635 3047 712 3138 quid
741 3048 930 3115 Alexander
957 3048 1219 3139 Aphrodisiensis
1252 3047 1291 3114 de
1318 3048 1381 3112 loeo

229 3183 326 3249 quem
349 3169 526 3227 tractamus
549 3157 709 3225 statuerit.
755 3157 857 3226 Cuius
880 3161 981 3226 verba
1003 3169 1078 3228 sunt
1100 3161 1179 3226 haee
1203 3161 1258 3247 (cf.
1282 3151 1380 3226 Sobel·

228 3272 260 3336 in
284 3269 422 3337 Aristot.
446 3270 518 3336 coll.
544 3269 694 3336 Brendis.
719 3294 751 3358 p.
766 3272 826 3336 811
845 3293 865 3334 a
880 3271 1031 3359 8seqq.):
1053 3267 1092 3337 τδ
1117 3259 1382 3340 &accrevisset

227 3386 293 3447 τῶν
316 3381 350 3449 ἐν
371 3379 500 3470 γενέσει
522 3376 626 3464 μόνον
649 3375 786 3447 οίκοδειν
810 3379 871 3458 δεῖ,
895 3375 970 3446 ἀλλ’
988 3380 1047 3448 ἐπὶ
1061 3377 1269 3450 πάντωνκαὶ
1283 3375 1382 3448 αὐτῶν

228 3495 314 3582 φημί
334 3498 400 3560 τῶν
422 3495 713 3580 κυκλοφορητικῶν
734 3491 789 3558 καί
815 3488 920 3558 θείων
941 3489 1114 3574 σωμάτων,
1137 3490 1183 3561 ἵν’
1199 3487 1223 3584 ᾖ
1242 3492 1281 3560 τὸ
1303 3478 1382 3577 leyd-

227 3627 337 3687 μενον,
363 3599 487 3690 ἀνάγκη
510 3601 621 3672 daenes
644 3605 791 3682 καὶτοῖς
814 3601 848 3670 ἐν
871 3603 997 3689 γενέσει
1019 3605 1169 3686 καὶτοῖς
1191 3605 1382 3694 κυκλσφυρσ

227 3719 332 3795 τικοίς
362 3714 476 3783 ἐλθεῖν
506 3710 553 3793 εἰς
580 3713 618 3781 τὸ
648 3716 869 3801 διακριθῆναι
899 3707 975 3802 ἤτοι
998 3719 1172 3804 συστῆναι·
1203 3714 1307 3796 οὕτως
1327 3709 1380 3800 yde

223 3823 450 3915 Ἀναξαγόρας
479 3826 599 3912 ἔλεγεν,
627 3822 679 3892 ίίτι
707 3822 880 3912 διακρίνας
909 3821 1030 3904 drudo
1057 3823 1120 3895 ἀπ’
1151 3825 1304 3919 ἀλλήλων
1330 3822 1382 3900 τίς

229 3935 465 4028 ὁμοιομερείας
488 3935 666 4024 συνέστησε
687 3935 727 4003 τὰ
751 3941 826 4003 πᾶν
849 3937 888 4002 τὸ
912 3935 951 4004 δὲ
973 3939 1049 4018 „ael
1073 3933 1160 4006 ίίλλα
1184 3936 1290 4020 οὕτως
1305 3935 1382 4006 ἐστίν

210 4039 275 4116 ’ὧν
297 4054 451 4116 κοινωνεῖ
471 4045 605 4114 duone
630 4042 677 4126 εἷς
699 4045 738 4113 τό
763 4044 864 4114 δλυν“
888 4047 1019 4130 συνεχὲς
1042 4044 1082 4115 iio
1105 4047 1220 4140 εἴητῷ
1236 4050 1313 4138 περὶ
1333 4047 1368 4134 τῆ

230 4157 407 4239 πολιτείας
428 4155 663 4247 ὑποδείγματι·
687 4152 734 4237 ὡς
750 4153 781 4223 εί
795 4155 914 4238 ἔλεγεν,
939 4155 1052 4246 ὥσπερ
1076 4160 1134 4228 ἐπὶ
1155 4165 1198 4250 τῇ
1219 4166 1279 4251 τῆς
1300 4158 1382 4228 πολι·

228 4266 321 4350 τείας
343 4265 504 4337 συστάσει
527 4267 637 4338 πάντα
660 4271 812 4338 κοινωνεῖ
835 4262 1004 4357 ἀλλήλοις,
1030 4268 1136 4350 οὕτως
1153 4268 1218 4339 εἶσί
1233 4272 1290 4339 καί
1305 4264 1381 4338 δίλλα

229 4378 303 4447 τινὰ
330 4383 565 4460 κοινωνοῦντα,
582 4383 638 4450 καί
667 4385 863 4469 βοηθοῦντα
893 4376 1055 4472 δλλήλοις
1079 4378 1126 4462 εἰς
1147 4381 1207 4470 τὴν
1229 4385 1289 4450 τοῦ
1312 4377 1382 4448 ὅλου

231 4485 481 4579 συμπλήρωσιν.
527 4492 620 4576 Quae
641 4493 865 4582 interpretatio
891 4497 956 4562 iam
979 4493 1071 4563 nobis
1094 4495 1311 4564 examinanda
1332 4497 1382 4558 est.
