2966 5072
634 537 675 598 39

141 699 246 780 Atque
273 697 362 764 baud
390 702 457 766 scio
486 721 529 767 an
557 703 591 768 in
620 702 741 770 talibus
777 701 874 768 rebus
904 697 1105 784 exagitandis
1134 703 1167 763 et

141 801 342 867 excutiendis
363 804 465 869 totius
488 804 717 890 disputationis
738 806 812 874 finis
835 805 878 872 sit
897 804 1034 889 positus.
1078 800 1167 868 Haec

139 903 241 988 igitur
268 908 452 978 accuratius
482 911 669 978 examinans
697 917 731 978 et
755 911 893 978 aliorum
916 915 1082 994 tamquam
1111 904 1166 971 ad-

139 1009 339 1075 versantium
375 1011 463 1078 dicta
495 1013 652 1082 adhibens
662 1013 707 1101 ⁸⁷)
744 1021 778 1082 et
808 1013 1017 1101 syllogistica·
1034 1017 1104 1076 arte
1132 1009 1167 1073 in

139 1119 313 1198 utramque
330 1120 456 1198 partem
470 1115 662 1184 concludens
672 1118 716 1205 88)
738 1119 834 1185 modo
843 1117 1010 1200 redarguit
1020 1115 1075 1198 ⁸⁹),
1096 1119 1166 1178 turn

139 1217 337 1304 probat90),
362 1225 396 1284 et
418 1241 513 1304 saepe
535 1222 569 1286 in
590 1222 750 1308 longiores
775 1221 1023 1307 disceptationes
1056 1237 1166 1282 excur-
1226 1301 1231 1312 Ι

140 1322 270 1407 reus⁹¹)
296 1323 523 1392 animadvertit
544 1333 642 1412 atque
664 1327 862 1409 considerat,
885 1325 964 1412 quid
982 1325 1017 1388 in
1039 1341 1164 1406 quaque

138 1447 173 1492 re
194 1426 337 1492 maxime
358 1427 524 1512 probabile
547 1436 580 1496 et
601 1452 712 1498 verum
726 1431 938 1516 videatur92).
983 1427 1036 1493 Sic
1053 1424 1164 1492 statim

13 1557 14 1562 ¹
139 1530 171 1594 in
192 1530 306 1610 initio,
333 1537 506 1615 postquam
529 1533 569 1599 de
590 1535 711 1618 virtute
732 1535 781 1602 vel
803 1535 910 1619 potius
932 1521 1079 1599 debono
1101 1527 1163 1594 sibi

139 1634 360 1718 quaerendum
383 1657 455 1702 esse
470 1638 707 1720 animadvertit,
730 1641 869 1725 exquirit
881 1637 1054 1716 subtiliter,
1075 1631 1164 1700 istud

139 1738 258 1804 bonum
281 1739 378 1822 quale
396 1741 453 1822 sit,
479 1743 564 1825 quod
588 1743 722 1810 simulac
744 1745 808 1809 sibi
829 1742 992 1827 persuasit
1013 1760 1084 1805 esse
1106 1739 1162 1804 bo-

137 1863 213 1908 uum
235 1861 302 1908 non
330 1843 365 1907 iu
393 1845 592 1928 universum,
625 1847 682 1912 sed
716 1846 803 1930 quod
831 1845 1012 1912 hominibus
1043 1843 1163 1910 bonum

138 1947 193 2028 sit,
217 1947 258 2012 de
281 1967 346 2030 quo
368 1947 431 2012 dici
453 1955 619 2032 oporteat,
652 1971 766 2016 nrrsus
798 1955 890 2034 patet
911 1950 945 2014 in
966 1947 1028 2014 hoc
1049 1947 1163 2012 distin·

136 2052 300 2136 guendum
334 2073 405 2117 esse
438 2053 557 2119 bonum
591 2075 731 2140 quonam
764 2055 860 2121 modo
889 2054 1033 2128 dicatur.
1090 2051 1164 2117 Non

137 2157 221 2222 enim
243 2156 381 2238 simplex
401 2154 522 2223 bonnm
550 2179 635 2239 esse,
666 2159 723 2224 sed
752 2159 815 2225 dici
846 2163 904 2225 aut
931 2157 981 2239 id,
1015 2155 1101 2240 qnod
1129 2156 1162 2234 in

137 2281 266 2346 quaque
287 2281 324 2325 re
345 2261 502 2343 optimum
525 2261 584 2344 sit,
608 2262 695 2345 qnod
717 2269 851 2347 propter
872 2282 965 2328 suern
985 2261 1086 2344 ipsius
1107 2279 1162 2324 ua·

136 2371 243 2432 turam
266 2363 480 2448 expetendum
501 2366 560 2448 sit,
595 2370 653 2431 aut
682 2370 771 2452 cujus
802 2387 885 2450 quae
911 2387 963 2432 res
989 2365 1162 2450 participes

136 2471 216 2550 siut,
239 2469 346 2536 bonae
369 2468 588 2552 appellentur,
611 2490 694 2553 quae
716 2471 760 2536 ait
781 2470 857 2540 idea
875 2470 966 2550 boni,
998 2475 1058 2534 cet.
1110 2469 1162 2532 lta

136 2573 299 2654 debono,
327 2572 415 2656 quod
442 2571 495 2638 hic
517 2573 735 2656 quaerendum
757 2575 816 2656 sit,
846 2573 980 2639 nimium
1006 2579 1162 2666 quantum

136 2679 168 2744 iu
195 2679 256 2758 iis,
289 2697 375 2762 quae
402 2683 596 2762 sequanum,
630 2677 751 2744 multus
781 2683 839 2745 est.
895 2679 1050 2744 Fortasse
1076 2675 1161 2740 ratio

136 2785 203 2868 ejus
225 2783 260 2848 in
281 2781 332 2848 hia
354 2780 453 2848 rebus
474 2782 654 2848 disserendi
676 2784 796 2867 optime
824 2783 962 2868 perspici
991 2787 1100 2867 potest
1122 2801 1161 2845 ex

135 2889 191 2970 iis,
214 2887 348 2974 quael,
371 2907 399 2952 c.
423 2891 465 2952 20
489 2887 557 2974 (alii
580 2889 636 2973 21)
658 2886 819 2974 leguntur,
842 2890 898 2956 ubi
920 2886 960 2954 de
971 2885 1160 2972 fortitudine

136 2993 282 3060 dicturus
304 3010 438 3078 eamque
460 2991 546 3056 circa
566 2990 715 3058 fiduciam
738 3000 772 3059 et
792 2997 913 3059 metum
933 2991 1057 3058 versari
1077 2988 1162 3054 arbi·

136 3105 227 3165 trans
241 3097 370 3182 quaerit
384 3115 493 3184 porro,
514 3096 601 3162 circa
618 3097 799 3184 cujusmodi
819 3103 941 3163 metum
962 3101 995 3161 et
1015 3093 1164 3160 fiduciam

134 3209 291 3283 versetur,
313 3219 389 3266 num
410 3199 543 3282 ignarus
564 3201 593 3266 is
616 3201 668 3282 sit,
690 3202 747 3286 qui
768 3206 901 3282 metuat,
924 3219 1048 3264 nerem
1069 3215 1161 3262 suam

135 3307 325 3374 familiarem
346 3304 477 3389 perdat,
500 3309 560 3371 aut
578 3305 674 3372 fortis
695 3307 733 3387 is,
757 3308 812 3390 qui
834 3307 869 3371 in
889 3304 949 3370 tali
971 3321 1160 3369 1111111111-

133 3413 245 3480 fidenti
268 3411 313 3476 sit
335 3410 458 3491 animo,
485 3431 596 3476 necne.
639 3411 768 3477 Minime
791 3432 877 3478 vero.
921 3408 1043 3474 Eodem
1064 3406 1161 3472 modo

133 3518 188 3602 qui
207 3521 337 3582 metuat
365 3512 530 3595 morbum,
564 3535 638 3580 eum
666 3515 816 3598 ignavum
844 3513 896 3579 vel
923 3513 1071 3579 timidum
1096 3530 1162 3575 non

133 3641 203 3688 esse
224 3617 475 3686 existimaudmn
496 3637 556 3686 nec
576 3617 709 3701 fortem,
739 3619 796 3705 qui
824 3641 890 3687 nou
912 3622 1046 3685 metuat.
1090 3613 1162 3691 Non

138 3831 349 3848 ...μ-...4.

183 3953 279 4022 8⁷)¹‚
297 3953 346 4016 3⁴,
366 3951 408 4006 28·
518 3958 567 4028 11)
584 3962 608 4024 1,
636 3962 665 4022 1,
692 3961 725 4013 11
744 3975 794 4027 aa:
812 3963 838 4021 1,
866 3960 915 4022 11,
941 3957 971 4010 11
997 3971 1049 4022 aa
1074 3956 1108 4017 u,
1135 3955 1160 4016 o,

134 4047 218 4112 1111
331 4041 1160 4120 89)1,1,1η.;1111.ς.11.1,1,1η.1111111.

131 4133 519 4206 1111811111111.
636 4134 1159 4208 11)1,11ω,;1,1;11,1;1,11.

127 4229 222 4298 11)1,
241 4227 279 4284 eo
295 4225 369 4296 (111
390 4229 425 4282 11
443 4237 466 4282 e
479 4229 577 4296 apua.
