2870 5076
531 436 738 501 ..65-

76 605 175 676 dimus:
202 609 296 675 deum
326 605 464 696 primum
495 627 566 672 esse
593 606 696 674 solum
722 603 783 672 nec
815 625 885 670 esse
914 607 1005 672 iuxta
1038 627 1110 671 eum
1132 604 1217 693 prin·

74 719 175 806 cipiunt
198 717 284 784 maii.
330 716 446 805 Itaque
474 719 507 782 in
535 717 695 783 sententia
723 738 808 805 quae
834 715 1024 783 adsciscitur
1046 716 1109 780 ism
1131 713 1216 780 inest
1243 765 1254 780 .

73 825 145 913 quod
166 837 234 892 erat
257 826 542 893 demonstrandum
555 828 589 911 ¹).

143 933 177 1002 Si
199 935 388 1025 respicimus
414 960 497 1026 quse
520 938 667 1026 proxime
688 938 850 1027 disputate
871 948 955 1020 sunt,
978 937 1070 1002 mala’
1084 957 1215 1024 quoque

72 1045 97 1110 iu
117 1047 171 1112 hac
192 1069 299 1114 rerum
323 1046 532 1114 universitate
554 1047 659 1113 inesse
683 1047 873 1114 Aristoteles
896 1043 1091 1132 concedit')‚
1122 1045 1216 1132 origi·

73 1175 133 1220 uem
158 1168 262 1224 eutem
291 1179 402 1224 eorum
432 1159 550 1245 repetit
576 1181 593 1223 e
616 1181 713 1224 causa
739 1158 828 1223 finali
857 1158 1054 1244 perturbate.
1099 1158 1214 1244 Itaque

73 1265 233 1355 principem
256 1268 364 1334 locum
388 1278 478 1334 tenet
501 1291 599 1334 causa
614 1268 728 1334 finalis.
768 1267 833 1348 Qui
849 1289 925 1333 vero
942 1267 1039 1333 finem
1057 1289 1214 1333 summum

73 1395 163 1444 rerum
184 1377 376 1466 principium
400 1401 470 1444 esse
494 1379 577 1458 vult,
604 1379 690 1444 idem
712 1401 846 1466 prorsus
870 1399 1003 1442 necesse
1026 1387 1075 1444 eet
1097 1387 1215 1442 statuat

9 1501 10 1512 ¹
72 1495 200 1552 usturam
225 1511 295 1554 esse
318 1488 497 1578 providam,
521 1511 605 1576 quae
626 1490 707 1555 fines
724 1490 915 1576 cogitaverit
931 1499 1030 1576 atque
1043 1487 1215 1553 adduxerit

72 1596 104 1661 sd
129 1599 290 1683 effectum,
319 1601 349 1666 h.
372 1623 400 1666 e.
431 1621 564 1667 necesse
595 1612 644 1666 est
672 1610 837 1666 auctorem
866 1598 977 1664 mundi
1006 1597 1154 1663 fabricati
1183 1606 1216 1660 st

72 1706 174 1773 conditi
196 1711 359 1776 existimet
382 1733 452 1776 esee
475 1711 580 1776 deum.
627 1711 752 1779 Tamen
775 1709 982 1792 Aristoteles,
1012 1707 1066 1771 ubi
1095 1729 1214 1772 numen

72 1813 197 1886 dinnum
220 1821 458 1908 agnoscendum
487 1843 558 1887 esse
582 1822 805 1890 demonstrare
833 1820 958 1901 studet,
988 1840 1052 1883 non
1076 1843 1095 1881 a
1118 1839 1216 1882 cause

71 1925 145 1994 finali
174 1932 394 2016 proficiscitur,
426 1933 481 1998 sed
513 1940 532 1998 a
560 1933 710 2000 motione.
758 1933 850 2014 Quae
880 1929 1039 2018 quomodo
1066 1928 1152 1995 inter
1179 1949 1215 1992 se

71 2041 258 2124 convenient,
283 2042 391 2130 paullo
413 2043 499 2108 infra
522 2044 713 2112 videbimus.

144 2149 219 2216 Met.
234 2156 283 2234 Λ,
298 2153 329 2217 6.
349 2153 429 2217 1071
445 2153 467 2218 b
484 2159 601 2243 tiseqq.
626 2167 792 2222 aeternum
809 2177 880 2220 esse
897 2153 1097 2218 demonstrat
1119 2159 1217 2238 atque

9 2265 10 2356 J
72 2259 243 2327 continuum
274 2274 396 2329 motum
425 2273 456 2328 et
483 2275 619 2353 tempus.
662 2267 768 2332 Motus
797 2276 904 2332 autem
935 2275 1085 2330 aeternus
1107 2272 1143 2328 ut
1164 2260 1216 2343 sit,

70 2389 139 2455 opus
165 2382 213 2437 est
240 2371 347 2460 aliquo
383 2375 469 2460 quod
498 2387 643 2455 moveat,
677 2377 775 2464 idque
805 2397 939 2442 necesse
972 2383 1021 2438 est
1047 2384 1080 2438 et
1113 2373 1218 2460 ipsum

69 2489 220 2548 aeternum
243 2482 285 2547 eit
306 2491 339 2546 et
362 2506 489 2571 semper
511 2485 543 2550 in
567 2497 640 2551 actu
664 2498 823 2553 versetur.
856 2487 943 2554 Nem
964 2484 1110 2574 potentia
1132 2481 1219 2570 quod
1308 2565 1312 2574 .

9 2613 10 2660 ζ
70 2601 126 2672 est,
154 2602 261 2681 potest
289 2592 386 2659 etism
418 2618 481 2661 non
511 2595 648 2683 operari.
693 2597 810 2684 Itsque
832 2595 1039 2664 statuendum
1062 2603 1112 2660 est
1133 2591 1220 2681 prin-

69 2699 190 2788 cipium,
222 2705 312 2770 ouius
344 2705 525 2770 substantia
553 2715 644 2771 actus
671 2706 713 2771 sit
741 2718 773 2771 et
802 2718 913 2772 careat
940 2703 1086 2772 materia.
1132 2703 1219 2768 Nam

70 2811 213 2902 quidquid
240 2838 314 2880 cum
340 2815 477 2880 materia
504 2816 711 2882 coniunctum
741 2826 804 2900 est,
832 2817 865 2883 in
889 2838 927 2881 eo
950 2815 1035 2881 inest
1058 2813 1215 2902 potentia.

69 2917 237 2989 Potentisle
260 2936 368 2990 eutem
389 2925 467 2990 nihil
490 2936 540 2991 est
561 2937 738 2991 aeternum.
773 2928 846 2994 Ism
862 2951 934 2992 cum
952 2926 1065 2992 eadem
1090 2945 1220 3012 semper

68 3029 101 3095 sit
121 3033 261 3100 omnium
283 3057 390 3100 rerum
414 3034 612 3118 vicissitudo,
645 3049 774 3127 oportet
795 3038 872 3126 poni
895 3035 1016 3125 aliquid
1039 3035 1129 3123 quod
1151 3057 1221 3123 per·

68 3151 154 3228 petuo
176 3146 289 3213 eodem
313 3144 407 3210 modo
430 3155 517 3233 egat,
543 3157 656 3213 contre
671 3156 707 3212 ut
724 3147 934 3236 explicemus,
960 3147 1014 3234 qui
1030 3147 1134 3234 possit
1149 3167 1220 3212 esse

67 3257 227 3338 generatio.
246 3266 278 3321 et
299 3255 463 3339 interitus,
493 3255 685 3324 sumendum
714 3257 851 3324 alterum
876 3257 1035 3347 estquod
1059 3269 1091 3325 et
1113 3258 1221 3344 ipsum

9 3351 10 3356 ἵ
67 3359 188 3432 inacte
214 3376 371 3455 perpetuo
405 3367 461 3450 sit,
497 3367 554 3434 scd
589 3370 712 3434 verium
745 3391 847 3457 usque
878 3368 909 3432 in
945 3368 1089 3434 modum.
1136 3365 1222 3434 illud

68 3485 162 3542 sutem
190 3477 278 3565 quod
307 3498 435 3566 semper
463 3479 576 3545 eodem
605 3489 693 3545 motu
725 3490 873 3546 movetur
903 3500 1007 3568 eoque
1036 3477 1221 3560 orbiculari,

9 3631 10 3650 .
67 3585 193 3668 primum
217 3586 343 3654 caelum
366 3599 429 3667 est,
461 3590 492 3653 lr.
511 3613 539 3653 e.
563 3591 688 3655 caelum
711 3589 797 3678 quod
828 3588 938 3656 stellas
962 3591 1044 3656 fixas
1068 3583 1221 3656 continet.

9 3687 10 3736 ἶ
68 3691 141 3763 Cum
168 3719 246 3763 vero
276 3699 355 3764 nihil
387 3720 421 3762 se
452 3721 585 3764 movere
608 3701 711 3787 possit
740 3703 862 3790 ipsum,
893 3701 1071 3790 requiritur
1101 3697 1223 3786 aliquid

67 3806 143 3889 quod
168 3819 312 3898 moveat„
343 3808 390 3872 ite
417 3818 545 3892 tamen,
580 3820 615 3876 ut
642 3809 749 3897 ipsum
777 3835 841 3877 non
873 3822 1058 3894 moveatur3
1091 3832 1168 3876 nem
1196 3807 1224 3872 si

67 3931 254 4000 moveretur,
288 3920 329 3985 ab
360 3917 421 3984 clio
451 3939 515 4008 quo
552 3931 744 3987 moveretur.
789 3922 906 4010 Itaque
934 3921 1141 3986 statuendum
1176 3927 1224 3982 est

67 4025 192 4108 primum
216 4037 375 4096 motorem
398 4049 469 4094 esse
493 4029 678 4114 immotum,
709 4030 913 4120 eundemque
939 4042 1124 4106 aeternnm,
1153 4027 1226 4094 sub·

68 4195 256 4216 '5—-0

130 4311 147 4374 ¹)
165 4315 302 4368 Bouttsius
321 4333 427 4384 quoque
439 4318 511 4370 hsno
524 4319 677 4372 Aristotelis
691 4319 950 4388 argumentationem
963 4319 1112 4385 impugnat,
1133 4327 1226 4368 verum

67 4393 112 4447 *ΠΙ
127 4411 271 4554 ζηῗίοαυοὲ
288 4405 476 4548 rptizrgibtatg.
497 4406 558 4460 Met.
578 4415 719 4460 comment.
739 4425 763 4476 p.
779 4411 838 4462 407.

222 4531 228 4546 .
273 4530 280 4558 ,
479 4529 484 4542 .

1002 4585 1023 4650 b
