2934 5076
823 479 864 542 92

325 640 390 722 bet,
414 645 479 708 sive
502 644 696 727 cogitatione
719 645 831 712 Cicero
853 646 887 710 in
910 643 1078 712 scribendo
1099 646 1199 711 istum
1222 643 1340 710 Aristo·

324 744 436 810 telium
457 769 579 814 morem
602 748 663 813 sibi
684 749 792 831 finxit,
823 748 889 815 sive
916 749 1062 832 exempla
1087 749 1131 814 ad
1156 747 1340 814 imitandum

323 853 493 934 proposita
512 852 640 934 habuit,
674 854 753 919 illud
784 853 927 938 profecto
950 854 1092 919 dubitari
1117 873 1186 918 non
1214 853 1339 937 poterit,

324 956 401 1037 quin
423 955 457 1021 in
478 957 569 1022 libris
592 956 631 1022 de
648 958 785 1026 Oratore
803 958 1009 1025 Aristotelius
1031 979 1101 1024 mos
1123 959 1156 1023 in
1180 979 1251 1024 eam
1273 978 1339 1022 sen·
1438 1006 1439 1044 ,

323 1061 459 1124 tentiam
482 1062 525 1127 sit
547 1061 766 1147 accipiendus,
797 1083 861 1148 qua
883 1068 915 1128 in
944 1075 1104 1148 atramque
1131 1074 1253 1147 partem
1275 1065 1339 1127 dis-
1438 1051 1439 1063 ¹

321 1171 453 1248 putandi
474 1172 558 1231 ratio
581 1167 789 1251 significetur.

388 1269 457 1334 Hoc
478 1270 655 1338 disserendi
678 1293 781 1356 genus
799 1292 863 1354 quo
884 1269 988 1353 magis
1016 1275 1128 1352 aptum
1154 1275 1187 1337 et
1210 1289 1340 1336 commo·
1439 1312 1440 1350 ,

324 1370 401 1437 dum
422 1374 549 1458 dialogo
576 1381 661 1457 erat,
692 1397 730 1441 eo
759 1376 861 1459 magis
884 1367 908 1440 a'
927 1374 1081 1440 Cicerone
1105 1374 1290 1440 adamatum
1312 1378 1343 1438 et

323 1475 521 1557 complexum
544 1483 649 1543 estet
678 1477 772 1561 quasi
800 1497 906 1543 comes
934 1483 1110 1560 perpetuus
1136 1481 1204 1562 ejus
1231 1476 1342 1543 studiis

324 1582 459 1645 accessit
471 1583 548 1667 ²⁰⁷).
1218 1601 1221 1610 ’

387 1685 461 1751 Jam
484 1688 528 1769 si,
553 1707 636 1771 quae
658 1685 905 1771 disputavimus,
928 1683 1110 1768 probabilia
1132 1689 1218 1765 sunt,
1240 1688 1342 1749 trans·

324 1810 433 1856 eamus
463 1793 505 1857 ad
533 1793 666 1858 tertium
687 1790 808 1872 locum,
836 1789 892 1873 qui
914 1792 964 1854 est
986 1789 1026 1853 de
1047 1788 1235 1854 Aristotelio
1256 1806 1341 1852 more

322 1894 356 1958 in
386 1896 534 1980 Epistola
562 1896 618 1960 illa
650 1896 690 1961 ad
714 1896 857 1960 Atticum
867 1893 950 1978 ²⁰⁸),
987 1892 1118 1976 dequo
1150 1895 1216 1977 jam
1248 1907 1343 1974 supra

322 2000 517 2068 mentionem
537 2000 679 2065 fecimus.
724 1997 886 2064 Ciceronis
902 1995 1001 2062 verba
1016 2002 1092 2062 sunt
1105 1995 1199 2061 haec:
1245 1993 1343 2059 »Sunt

323 2102 421 2166 etiam
443 2104 482 2168 de
506 2102 642 2168 Oratore
663 2104 766 2168 nostri
787 2108 865 2185 tres,
888 2102 966 2167 mihi
987 2101 1193 2166 vehementer
1206 2099 1342 2184 probati.

322 2203 360 2269 In
383 2207 430 2271 eis
453 2228 578 2290 quoque
606 2228 663 2272 eae
689 2227 847 2291 personae
881 2211 971 2286 sunt,
1003 2209 1041 2268 ut
1070 2202 1147 2270 mihi
1173 2202 1341 2270 tacendum

322 2309 429 2376 fauerit.
475 2311 611 2377 Crassus
638 2313 722 2376 enim
748 2311 907 2396 loquitur,
937 2309 1114 2390 Antonius,
1139 2307 1273 2375 Catulus
1296 2328 1343 2372 se·

322 2435 401 2496 nex,
417 2415 460 2481 .C.
484 2415 601 2496 Julius,
623 2415 725 2482 frater
747 2414 864 2496 Catuli,
889 2413 1002 2495 Cotta,
1026 2413 1196 2497 Sulpicius.
1240 2414 1341 2478 Puero

322 2539 373 2584 me
395 2519 446 2584 hio
469 2541 572 2585 sermo
595 2520 771 2600 inducitur,
801 2525 838 2585 ut
859 2518 966 2585 nullae
989 2539 1059 2584 esse
1080 2523 1215 2601 possent
1236 2523 1342 2601 partes

323 2644 426 2705 meae;
456 2645 539 2707 quae
562 2630 670 2690 autem
691 2623 741 2689 his
763 2623 964 2708 temporibus
992 2621 1116 2705 scripsi,
1137 2619 1343 2706 Ἀριστοτέ-

323 2727 409 2798 letor,
430 2751 543 2794 morem
564 2729 701 2811 habent3
731 2730 765 2795 in
787 2750 851 2814 quo
873 2749 979 2794 sermo
1001 2729 1047 2792 ita
1068 2725 1232 2792 inducitur
1264 2725 1343 2791 cete

323 2853 447 2915 rorum,
481 2840 518 2900 ut
545 2855 643 2919 penes
671 2835 778 2919 ipsum
807 2834 851 2900 sit
879 2834 1089 2917 principatus.
1139 2830 1189 2894 Ita
1224 2829 1343 2896 conieci

324 2937 463 3020 quinque
494 2937 595 3004 libros
624 2943 697 3022 περὶ
722 2936 834 3014 τελῶν,
866 2942 904 3002 ut
925 2937 1086 3020 Epicurea
1107 2934 1143 2999 L.
1167 2934 1341 3020 Torquato,

324 3040 433 3107 Stoica
471 3041 515 3107 M.
547 3043 681 3123 Catoni,
720 3041 947 3127 περιπατητικά
985 3040 1028 3105 Μ.
1059 3039 1168 3105 Pisoni
1204 3041 1342 3106 darem«.

322 3143 415 3211 Hunc
445 3146 551 3212 locum
585 3148 639 3230 qui
661 3168 734 3212 curn
755 3147 823 3228 illo,
855 3146 981 3231 dequo
1013 3144 1108 3211 modo
1131 3141 1344 3229 exposuimus,

323 3252 504 3316 accuratius
527 3251 710 3332 contulerit,
733 3271 832 3316 unam
853 3256 940 3315 certe
961 3250 991 3314 ei
1013 3247 1254 3314 similitudinem
1276 3271 1345 3314 cum

322 3354 413 3420 libris
452 3355 491 3420 de
520 3354 675 3435 Oratore,
705 3356 745 3420 de
775 3355 891 3439 quibus
930 3353 1081 3432 diximus,
1115 3373 1185 3418 esse
1217 3355 1342 3420 sentiet.

323 3457 406 3522 Nam
427 3459 462 3523 in
483 3459 574 3525 libris
598 3461 637 3525 de
660 3460 794 3525 Finibus
817 3477 958 3542 quoque,
988 3457 1022 3521 id
1050 3457 1135 3540 quod
1165 3478 1183 3522 e
1206 3459 1344 3524 diversa·

322 3585 393 3627 rum
416 3563 688 3648 philosophicarum
710 3564 838 3649 placitis
861 3563 1016 3645 sequitur,
1039 3563 1073 3626 in
1088 3568 1259 3647 utramque
1273 3583 1346 3647 par-

322 3672 388 3731 tem
404 3666 580 3750 disputatio
592 3670 743 3735 instituta
758 3673 816 3733 est.
863 3665 926 3732 Sed
940 3667 1051 3732 statim
1063 3665 1105 3732 ab
1121 3667 1214 3733 initio
1231 3687 1346 3751 magna

322 3770 494 3837 difficultas
516 3773 681 3854 oboritur,
714 3794 814 3856 quum
843 3771 876 3836 in
898 3772 939 3836 iis
961 3771 1043 3836 alius
1074 3770 1203 3854 quidam
1225 3772 1346 3836 Aristo·

321 3875 417 3941 telius
447 3898 534 3958 mos,
570 3884 667 3962 atque
697 3878 730 3942 in
764 3876 856 3943 libris
894 3875 933 3941 de
961 3875 1098 3941 Oratore
1133 3877 1345 3960 cognovimus,

322 3981 624 4048 animadvertendus
654 3983 713 4060 sit,
746 3981 801 4064 qui
831 3979 991 4064 quomodo
1014 3980 1057 4044 ab
1079 3979 1183 4047 altero
1206 3981 1343 4049 differat,

396 4190 463 4259 zor)
486 4193 555 4244 aaa
578 4195 647 4263 orep.
666 4196 700 4256 11,
720 4194 751 4256 a,
771 4195 796 4245 o.
905 4191 1056 4261 ros)xu1,
1078 4194 1126 4250 rs,
1144 4193 1171 4244 a.
