2966 5072
656 439 759 517 er'

172 630 286 706 perant
308 626 342 690 in
364 623 527 692 Ciceronis
548 627 699 712 dialogis,
730 646 865 711 prorsus
887 626 974 692 inter
996 645 1030 690 se
1059 643 1130 692 esse
1153 624 1199 690 di·

170 745 264 792 versa
298 733 332 794 et
364 732 529 798 contraria
560 721 695 816 eamque
731 730 774 798 ob
810 749 938 796 causam
969 729 1098 794 minime
1130 748 1201 796 esse

170 829 269 898 verba
293 835 494 899 »Aristotelio
516 857 621 900 more«
647 840 725 919 apta
747 833 953 900 adaccurate
968 830 1197 898 describendos

171 933 211 1000 de
232 934 371 1003 Oratore
393 937 493 1004 libros
517 940 708 1022 minimeque
738 937 867 1018 idonea,
902 957 943 1002 ex
971 934 1089 1019 quibus
1120 956 1197 1018 quo·

172 1039 265 1106 modo
288 1040 340 1106 vel
361 1041 421 1124 ipsi
443 1042 519 1109 libri
540 1043 591 1110 vel
613 1065 723 1110 eorum
746 1044 811 1108 sire
832 1042 937 1108 forma
958 1041 1023 1105 sive
1054 1040 1140 1106 ratio
1162 1045 1196 1106 et

170 1143 291 1210 indoles
330 1146 502 1228 cogitanda
532 1148 613 1228 sint,
654 1147 810 1212 Lentulus
823 1145 883 1229 ¹⁵⁵)
921 1144 1077 1229 conjicere
1117 1143 1196 1210 satis

170 1248 282 1331 possit.
328 1248 415 1314 Nihil
437 1251 521 1316 enim
543 1271 694 1335 umquam
712 1249 849 1315 describi
872 1249 1097 1332 designarique
1114 1248 1194 1313 satis

169 1357 319 1418 accurate
341 1358 449 1435 potest
470 1375 506 1420 re
524 1354 642 1438 aliqua,
666 1373 749 1437 quae
764 1354 799 1418 in
820 1351 983 1436 suiipsius
997 1352 1195 1418 contrarium

168 1454 259 1522 ebus
282 1461 400 1538 potest.

233 1558 328 1637 Quod
350 1565 460 1624 autem
486 1557 529 1622 ad
549 1557 733 1624 Krischium
761 1557 868 1641 ipsum
897 1557 1032 1638 attinet,
1066 1561 1194 1624 tantum

167 1662 246 1730 milri
275 1663 389 1729 abesse
415 1662 557 1744 videtur,
587 1668 715 1727 utrem
736 1661 780 1726 ad
809 1661 967 1746 liquidum
995 1661 1193 1744 perduxerit,

166 1772 204 1832 ut
224 1787 267 1832 ne
290 1767 427 1832 sensisse
450 1766 579 1850 quidem
602 1766 765 1846 videatur,
798 1766 832 1832 in
853 1785 918 1848 qua
948 1785 984 1828 re
1006 1784 1131 1828 summa
1152 1763 1192 1830 de

165 1870 356 1937 Aristotelio
378 1891 468 1936 more
490 1871 638 1954 quaestio
661 1871 768 1954 posita
789 1869 842 1935 sit.
886 1867 938 1932 An
961 1865 1023 1932 hoc
1045 1868 1191 1934 consulto

165 1976 287 2040 sentire
298 1973 425 2040 noluit?
449 1975 496 2038 Ac
510 1975 632 2040 sanein
645 1974 707 2039 hac
720 1994 756 2039 re
769 1971 870 2038 multo
881 1969 1012 2036 inferior
1023 1977 1083 2052 cst,
1096 1993 1192 2055 quem

165 2077 388 2162 reprehendit,
424 2076 610 2145 Goerenzio.
662 2078 713 2144 Ex
743 2078 852 2162 parvis
883 2075 1078 2160 quibusdam
1106 2077 1191 2162 frag-
1232 2156 1238 2163 ‚

165 2183 283 2248 mentis
305 2183 506 2266 perspexisse
528 2181 590 2247 sibi
611 2181 754 2263 videtur,
778 2201 861 2265 quae
883 2179 981 2246 firerit
1003 2180 1188 2246 Aristotelis

164 2287 367 2371 dialogorum
388 2286 484 2366 ratio,
508 2286 594 2369 quod
615 2284 739 2366 dubito,
761 2307 837 2350 num
858 2305 1013 2370 umquam
1033 2285 1103 2350 fieri
1116 2306 1189 2370 pos·

164 2391 217 2456 sit.
261 2391 362 2456 Putat
382 2389 586 2455 manifestum
616 2410 704 2470 esse,
738 2388 945 2456 Aristotelem
979 2389 1027 2474 (in
1053 2389 1189 2474 dialogis

162 2495 271 2580 eniel)
309 2494 466 2578 respectis
507 2500 541 2558 et
582 2493 709 2577 rejectis
754 2493 890 2560 aliorum
926 2492 1190 2577 philosophorum

165 2597 341 2682 disciplinis
364 2619 457 2664 suam
478 2596 607 2664 firmare
630 2596 791 2663 studuisse
814 2603 846 2662 et
862 2618 960 2680 quum
977 2599 1028 2682 (nt
1044 2603 1188 2664 statuere

163 2703 304 2788 videtur)
333 2701 525 2768 Aristoteles
560 2721 625 2766 non
660 2721 700 2766 ex
730 2721 790 2766 sua
820 2719 960 2784 persone.
990 2699 1188 2784 loqueretur,

164 2807 224 2872 snb
250 2806 364 2872 alienis
387 2806 534 2888 personis
563 2825 661 2888 penes
692 2805 798 2888 ipsum
828 2803 1045 2888 principatum
1077 2805 1186 2874 finisse.

163 2907 244 2976 Item
279 2910 394 2977 breves
423 2909 709 2992 interrogationes,
751 2909 868 2992 quibus
901 2911 1013 2976 utendi
1040 2910 1186 2980 Platonis

162 3013 212 3080 vel
233 3012 377 3080 Socratis
399 3032 469 3078 mos
491 3017 572 3092 erat,
596 3031 666 3078 esse
688 3011 730 3078 ab
746 3012 921 3078 Aristotele
943 3018 1079 3101 rejectas
1101 3016 1187 3084 arbi·

163 3123 273 3184 tratur
294 3117 392 3200 inque
418 3115 523 3180 locum
550 3135 661 3180 earum
690 3114 884 3182 substitutas
918 3119 1086 3186 continues
1116 3142 1186 3186 ora-

161 3223 276 3288 tiones.
330 3220 398 3286 Has
428 3220 631 3302 potissimum
662 3217 704 3284 ab
739 3240 777 3284 eo
809 3220 968 3302 recepisse
992 3221 1185 3304 Ciceronem,

161 3331 195 3391 et
222 3325 308 3392 hanc
338 3345 409 3390 esse
439 3329 590 3388 catinam
613 3322 794 3389 Aristotelii
823 3324 919 3404 moris
948 3324 1035 3407 apud
1062 3325 1186 3394 Cicero-

161 3451 251 3508 nem,
274 3435 311 3494 ut
333 3428 552 3510 colloquentes
574 3448 638 3494 non
661 3433 697 3492 ut
719 3425 893 3509 discipulos
922 3427 1099 3514 interroget
1128 3439 1186 3496 aut

159 3531 392 3616 interrogando
416 3553 455 3595 ex
476 3531 516 3596 iis
539 3552 622 3615 quae
651 3531 745 3612 velit,
778 3532 902 3612 eliciat,
937 3533 995 3598 sed
1015 3535 1185 3619 unicuique

159 3637 270 3704 omnia
301 3634 489 3718 disciplinae
522 3634 655 3721 alicujus
692 3635 815 3719 placita
846 3637 1030 3720 peroranda
1061 3638 1185 3706 tribuat

158 3741 224 3823 ita,
259 3747 296 3806 ut
318 3738 509 3804 examinatis
532 3742 686 3825 cujusque
709 3739 836 3806 scholae
859 3741 995 3809 decretis
1016 3744 1061 3824 is,
1095 3748 1184 3829 cujus

158 3844 220 3910 snb
253 3862 394 3927 persona
425 3842 588 3906 sententia
620 3843 786 3928 scriptoris
815 3842 933 3926 lateat,
966 3847 1183 3930 principatum

156 3953 280 4018 teneat.
327 3947 417 4012 »Nur
439 3944 526 4011 stellt
549 3945 637 4013 sich«
659 3948 708 4014 ita
731 3948 816 4014 enim
837 3949 961 4032 pergit,
987 3948 1101 4015 »dabei
1123 3951 1181 4015 der

157 4097 368 4108 unu—..—

233 4161 299 4228 ιιι)
317 4129 350 4213 lc
371 4162 441 4214 raa.
462 4163 486 4224 r,
507 4163 537 4224 e,
557 4163 600 4214 re.

958 4251 998 4314 5*
