2996 5082
688 421 731 494 03

143 621 244 682 omnis
265 621 382 700 scriptu,
405 617 442 680 dc
464 639 589 701 quorum
609 625 729 680 auctore
750 616 910 692 dubitetur,
933 617 1063 678 muxime
1085 617 1228 680 accedere
1241 610 1288 698 ⁹⁶).

142 721 182 784 sd
197 723 367 786 Aristotelis
383 733 413 784 et
428 730 544 804 tempus
567 729 598 782 et
619 720 737 784 dicendi
757 721 909 784 rationem.
949 719 1176 800 Theophrastus
1199 717 1272 797 (mo-

142 815 199 886 neo
220 825 257 886 de
281 825 389 887 talibus
413 825 502 886 rebus
524 845 601 906 quse
622 827 761 886 minimae
783 823 922 883 videntur
936 824 1008 904 quie
1030 841 1072 882 ex
1091 824 1127 882 iis
1142 823 1271 884 maxime

142 928 319 1009 perspicitur
340 927 411 1008 quid
434 930 540 1010 cuique
558 929 693 1008 scriptori
717 928 867 1006 proprium
882 919 934 1007 sit)
956 925 1045 986 simili
1059 924 1158 998 modo,
1180 933 1271 1006 etque

142 1025 320 1092 Aristoteles
353 1017 412 1088 sois
431 1023 458 1088 εἴ
479 1050 526 1101 τις
561 1030 610 1092 vel
643 1025 698 1088 καὶ
722 1015 749 1086 εἴ
769 1047 827 1098 τις,
862 1026 917 1086 καὶ
939 1027 965 1086 εἰ
995 1019 1034 1096 δή
1054 1047 1103 1098 τις
1137 1025 1270 1090 adhibet

141 1131 189 1196 cf.
215 1132 316 1193 histor.
338 1133 429 1214 pleni.
458 1132 510 1196 ΙΙ.
530 1131 559 1194 1.
588 1131 624 1196 3:
661 1120 743 1202 αὕτη
769 1123 831 1210 yolp
864 1121 930 1188 οὐδ’
964 1120 1032 1188 cinti
1061 1134 1118 1200 τῆς
1146 1120 1272 1210 πρώρας

139 1224 212 1292 ἀλλ’
236 1224 302 1294 ἀπὸ
335 1237 396 1292 τοῦ
429 1226 588 1314 κλήματος
609 1227 724 1316 φύεται
752 1229 806 1290 καὶ
829 1232 855 1290 εἰ
878 1227 916 1301 δή
938 1251 971 1290 τι
992 1236 1143 1291 τοιοῦτον
1164 1225 1271 1312 ἕτερον

140 1323 310 1420 ridivdpov
331 1324 348 1405 ἢ
370 1327 578 1416 φρυνανῶδες.
623 1337 664 1400 ΙΙ.
688 1335 717 1400 2.
745 1335 796 1398 10:
830 1329 980 1416 choinrp
1014 1326 1055 1393 cd
1076 1329 1205 1414 πέρσων
1227 1321 1270 1391 cd

139 1435 171 1510 ἐξ
191 1431 361 1518 Αἰγύπτου
382 1433 437 1496 καὶ
459 1432 477 1494 ὁ
498 1435 605 1520 φοῖνιξ
626 1440 659 1496 ἐν
678 1444 718 1517 τῇ
736 1429 869 1496 Ἑλλάδι
891 1435 944 1496 καὶ
966 1437 991 1496 εἰ
1014 1431 1053 1506 δή
1074 1455 1122 1508 τες
1141 1431 1272 1516 κομίσειε

138 1533 201 1610 τήν
222 1538 255 1598 ἐν
277 1535 384 1620 Κρήηι
404 1535 569 1618 λεγομένην
591 1536 738 1620 αἴγειρον.
783 1542 841 1626 lll.
866 1539 895 1604 2.
920 1541 951 1604 l:
976 1525 1115 1598 ἅπαντα
1136 1531 1198 1617 γάρ
1219 1525 1271 1596 orl-

138 1663 203 1714 τως
215 1635 299 1712 πλὴν
315 1636 342 1700 el
361 1663 395 1700 τι
415 1634 556 1701 σπάνιον
578 1631 684 1724 ὥσπερ
705 1639 757 1701 ἐπὶ
778 1649 844 1702 τῶν
858 1641 1006 1722 spurcius
1029 1639 1083 1700 καὶ
1097 1631 1163 1701 τῶν
1178 1631 1268 1702 orioro.

137 1749 250 1806 ταῦτα
273 1737 335 1824 γάρ
357 1738 397 1814 δή
424 1754 527 1826 φασιν
546 1743 726 1826 πεπαίτερα
760 1741 813 1803 καὶ
834 1738 971 1818 ἡδύτερα
992 1737 1052 1812 ‚cd
1088 1734 1183 1826 ἄγρια
1205 1734 1271 1803 τῶν

138 1843 258 1928 ἡμέρων
276 1843 356 1907 εἶναι
390 1844 444 1906 καὶ
478 1847 504 1906 εἰ
523 1840 561 1918 δή
584 1870 618 1906 τι
639 1841 720 1907 ἄλλο
742 1840 782 1928 μή
804 1842 965 1926 ἐνδέχεται
987 1843 1141 1928 γεωργίαν
1162 1834 1179 1916 ἢ
1204 1841 1270 1904 δέν-

137 1947 217 2032 δρον
236 1959 301 2042 cet..

227 2052 287 2112 Sed
320 2053 529 2114 revertendum
559 2041 605 2113 est
638 2052 676 2113 ud
700 2053 891 2116 Aristotelem
915 2061 947 2112 ut
979 2054 1044 2130 jem
1065 2051 1271 2130 dijudicemus,

140 2173 214 2216 uum
239 2157 444 2234 conjunctivus
474 2143 667 2236 posteriori
690 2155 760 2216 ferri
781 2158 883 2236 possitt
925 2155 967 2214 Et
988 2155 1108 2236 quidem
1132 2153 1178 2213 his
1201 2174 1270 2214 cun·
1313 2142 1317 2150 ⁴

138 2259 182 2318 sie
204 2267 355 2338 permotus
374 2259 445 2318 ferri
465 2277 553 2338 posse
574 2277 667 2336 nego:
701 2259 826 2340 primum
859 2257 938 2340 quod
962 2277 1033 2320 usus
1054 2256 1220 2338 particulae
1244 2255 1269 2316 εἰ

138 2363 170 2420 in
194 2348 254 2417 κᾶν
275 2358 301 2416 εἰ
321 2361 401 2420 nullo
424 2360 510 2422 modo
542 2360 633 2421 dietat
657 2382 676 2420 e
698 2361 815 2440 vulglrri
838 2363 1034 2441 rationeque
1056 2359 1082 2418 εἰ
1103 2358 1269 2434 sdlribetur,

136 2463 240 2524 nullus
260 2471 358 2524 eutem
382 2463 464 2523 locus
488 2473 597 2534 exstat,
633 2461 729 2524 ubist
751 2483 811 2523 uon
832 2461 1031 2543 praecedente
1053 2452 1094 2519 ἄν
1114 2481 1182 2522 cum
1203 2483 1271 2524 cun·

130 2565 269 2646 junctivo
291 2566 489 2640 construitur3'
503 2566 629 2626 ultonem
650 2564 731 2644 quod
749 2566 804 2624 loci
819 2556 872 2626 ubi
890 2565 1094 2643 conjunctivus
1116 2564 1268 2626 codicibus

136 2667 265 2730 truditur
287 2687 388 2728 corum
412 2667 551 2728 simillimi
572 2677 650 2742 eunt,
673 2667 724 2728 ubi
748 2667 865 2728 codices
889 2667 1081 2728 indicativum
1104 2667 1269 2748 praebent3

136 2771 260 2832 tertium
283 2769 363 2850 quod
386 2771 496 2831 talibus
528 2768 615 2830 modo
639 2769 712 2830 locis
734 2765 939 2847 conjunctivus
960 2771 1117 2844 invenitur,
1143 2770 1194 2831 ubi
1216 2771 1268 2830 mi·

136 2874 220 2933 nima
241 2874 403 2934 mutatione
425 2893 464 2932 cx
499 2870 659 2932 indicativo
694 2872 774 2934 nesci
796 2873 905 2953 potuit:
950 2871 1014 2936 Pol.
1040 2871 1132 2935 1229.
1156 2873 1185 2934 b.
1209 2870 1267 2934 22:

134 2971 508 3054 συμβαίνῃ-συμβαίνει,
532 2974 595 3035 Pol.
621 2973 713 3040 1260.
739 2975 767 3038 b.
791 2974 830 3038 31
855 2985 884 3035 et
907 2974 1021 3036 Poetic.
1047 2973 1139 3036 1447.
1161 2995 1188 3036 u
1209 2971 1267 3036 24:

135 3068 612 3160 τυγχάνωσιν-τυγχάνουσιη
633 3087 812 3158 postremum
828 3076 907 3158 quod
926 3077 1066 3136 facillime
1087 3077 1150 3136 fieri
1165 3077 1270 3156 potuit,

134 3188 170 3240 ut
192 3178 303 3240 librarii
324 3201 391 3240 cum
414 3180 494 3240 illum
516 3179 634 3242 dicendi
656 3182 798 3242 rationem
820 3201 880 3241 non
901 3179 1100 3257 intelligerent
1132 3178 1268 3240 indiceti-

134 3301 209 3344 vum
232 3281 263 3340 in
287 3283 507 3360 conjunctivum
529 3293 686 3347 muterent.
732 3284 818 3360 Quae
852 3303 917 3344 cum
950 3282 992 3342 ite
1027 3282 1095 3356 sint,
1125 3281 1266 3342 Belslrero

133 3382 359 3460 “sentiendum
382 3405 450 3446 esse
477 3393 548 3466 puto
580 3386 631 3466 qui
665 3385 723 3446 illis
754 3387 941 3447 Politicornm
962 3384 1036 3444 locis
1072 3392 1102 3444 et
1122 3384 1269 3448 Vchleuio

133 3487 188 3568 qni
223 3485 410 3548 Poeticorum
446 3487 509 3548 loco
546 3487 736 3549 indicativum
770 3489 906 3552 restituit.
963 3487 1070 3568 lteque
1106 3489 1267 3568 conjuncti·

132 3607 207 3650 vum
229 3574 344 3669 post'ei
367 3591 405 3652 eb
429 3589 590 3650 Aristotele
619 3609 676 3650 non
699 3590 833 3652 adhiberi
858 3609 974 3654 censeo.

223 3691 302 3752 Num
322 3691 402 3754 idem
424 3691 523 3753 velent
544 3692 582 3753 de
605 3693 722 3773 scriptis
744 3693 1039 3776 pseudoeristoteleis
1061 3701 1142 3754 certe
1164 3693 1267 3753 contir-

141 3827 343 3840 ..out-u·—

205 3893 229 3960 ⁴³)
248 3893 401 3946 Ethicorum
423 3891 608 3946 Eudemiorum
627 3893 731 3946 dicendi
756 3897 883 3948 tutionem
902 3909 1010 3962 proteus
1027 3895 1082 3946 t'ere
1104 3909 1163 3946 cum
1192 3893 1268 3947 libris

132 3981 304 4034 Aristoteleis
321 3977 482 4040 consentire,
497 3994 530 4030 eo
549 3981 635 4046 mugit
653 3981 785 4042 miremur,
805 3981 873 4048 quod
896 3980 1093 4048 Theophrsstns
1112 3981 1145 4032 sb
1165 3980 1267 4032 Aristo·

130 4069 188 4120 telo
208 4065 285 4116 rslde
301 4065 390 4124 distet.
409 4071 487 4130 utque
505 4081 537 4116 es
558 4065 672 4116 muime
690 4083 732 4118 ree
756 4067 846 4130 efficit,
874 4075 903 4120 ut
931 4065 1123 4132 qundsmmotlo
1150 4065 1266 4118 dubltem

132 4169 197 4206 uum
221 4151 255 4203 sb
273 4151 344 4202 omui
362 4159 438 4218 perte
455 4166 518 4203 vers
535 4153 587 4202 siut
605 4166 673 4216 quse
691 4167 761 4204 nuno
779 4153 896 4206 hominen
916 4151 986 4206 docti
1004 4152 1036 4205 de
1059 4153 1175 4204 Eudemo
1195 4153 1267 4204 Ethi-

131 4254 226 4294 corum
248 4239 354 4290 illorum
373 4243 480 4290 suctore
496 4243 623 4290 stetuunt.
659 4237 796 4302 Quomodo
820 4239 889 4290 euim
907 4240 1037 4308 explices.
1056 4239 1266 4308 Theophrastum

130 4325 276 4396 permultis
293 4325 372 4376 rebus
389 4324 424 4376 sb
443 4325 585 4378 Aristotele
603 4323 719 4390 differre,
738 4325 880 4380 Eudemum
902 4325 956 4380 lere
975 4327 1072 4382 uulltsi
