2966 5072
823 532 864 592 20

335 718 399 779 qua
422 697 646 776 adhiberetur,
679 703 870 780 praesertim
891 721 989 782 quum
1012 702 1080 783 ipse
1103 698 1357 764 adolescentulus

334 800 510 885 tragoediis
532 799 684 866 faciendis
707 823 837 886 operam
851 803 977 870 dedisse
995 803 1200 888 tradatur-4¹)
1223 805 1358 886 ideoque

331 910 399 990 jam
420 911 516 971 antea
537 906 571 969 in
593 909 661 990 ejus
683 906 936 972 familiaritatem
958 909 1105 974 venerit?

398 1010 470 1075 Non
491 1010 590 1093 igitur
613 1013 678 1091 est,
703 1009 789 1093 quod
812 1031 966 1094 quaeras,
999 1010 1124 1094 quade
1147 1031 1243 1074 causa
1264 1008 1357 1073 Plato

333 1112 461 1197 dialogo
483 1135 561 1178 usus
584 1112 640 1191 sit,
679 1113 735 1177 sed
763 1133 921 1196 quaenam
950 1135 1048 1178 causa
1068 1113 1184 1194 fuerit,
1216 1135 1274 1176 cur
1302 1133 1357 1195 po·

334 1217 497 1296 steriores,
519 1215 665 1299 inprimis
681 1217 884 1297 Aristoteles,
907 1217 990 1282 hanc
1005 1217 1207 1302 colloquendi
1223 1217 1359 1281 sormam

333 1341 445 1384 rursus
468 1319 651 1414 abjecerint,
675 1339 771 1403 qnam
793 1321 820 1384 si
842 1325 997 1404 perpetuo
1015 1323 1156 1386 retinere
1173 1321 1357 1400 voluissent,

333 1445 443 1503 nemo,
486 1424 617 1506 opinor,
661 1431 847 1528 quaereret,
891 1445 956 1508 qua
990 1425 1029 1491 de
1062 1447 1161 1504 causa
1192 1425 1287 1492 Plato
1320 1443 1358 1489 ea

334 1551 410 1594 usus
434 1531 485 1593 sit.

419 1632 531 1698 Potest
553 1637 661 1696 autem
683 1652 795 1697 revera
817 1634 933 1698 mirum
954 1633 1072 1715 videri,
1097 1657 1171 1715 our,
1199 1654 1282 1717 quae
1304 1653 1357 1697 ars

334 1737 509 1804 aPlatone
531 1738 579 1802 ita
608 1744 678 1802 erat
702 1737 845 1819 exculta,
878 1745 915 1803 ut
946 1739 1038 1822 quasi
1068 1759 1176 1804 omnes
1208 1733 1357 1801 numeros

333 1841 481 1924 haberet,
514 1861 552 1906 ea
573 1840 673 1906 nihilo
695 1843 800 1907 minus
820 1848 935 1926 postea
958 1843 1085 1929 abJ'ecta
1114 1844 1157 1908 sit
1179 1848 1211 1908 et
1233 1841 1355 1907 relicta.

335 1945 459 2013 Scimus
481 1949 583 2028 enim,
618 1951 697 2030 quot
720 1954 794 2013 sunt
817 1948 1001 2014 Aristotelis
1024 1948 1099 2013 libri
1122 1946 1226 2012 adhuc
1248 1966 1357 2028 supere

335 2053 444 2132 stites,
468 2073 579 2116 eorum
600 2050 724 2115 nullum
746 2050 865 2134 dialogi
887 2051 991 2115 forma
1014 2051 1169 2132 scriptum
1191 2070 1276 2131 esse,
1300 2069 1358 2114 nec

216 2231 218 2238 Α
334 2176 416 2240 quae
439 2159 506 2240 ejus
528 2154 684 2220 librorum
705 2153 931 2236 inscriptiones
956 2151 1042 2237 apud
1063 2151 1238 2236 Diogenem
1258 2152 1357 2216 Laer-

334 2261 416 2325 tium
438 2258 797 2343 commemorantur42),
820 2257 977 2343 ejusmodi
999 2260 1088 2336 sunt,
1111 2261 1148 2320 ut
1169 2255 1287 2320 multos
1309 2255 1357 2319 in-

334 2370 461 2429 tereos
492 2361 636 2446 dialogos
658 2363 756 2426 fuisse
785 2359 969 2426 credideris.
1027 2359 1115 2437 Quae
1143 2359 1243 2442 igitur
1271 2358 1357 2423 illius

334 2468 382 2533 rei
404 2487 502 2532 causa
523 2466 608 2531 fuit?
659 2465 742 2531 Huic
764 2465 945 2549 quaestioni
974 2465 1119 2548 quamvis
1151 2461 1358 2528 difficillimae

333 2574 362 2638 is
385 2572 503 2655 optime
525 2571 745 2654 respondebit,
769 2571 824 2655 qui
846 2553 1029 2636 Aristotelis
1053 2574 1086 2633 et
1107 2569 1266 2634 rationem
1287 2568 1358 2651 phi·

334 2676 525 2760 losophandi
536 2682 569 2740 et
579 2681 717 2761 tempus,
742 2698 806 2761 quo
820 2676 945 2756 vixerit,
969 2673 1229 2740 consideraverit.
1267 2671 1360 2750 Quod

336 2785 419 2849 enim
441 2785 559 2848 attinet
581 2782 623 2847 ad
645 2781 892 2865 philosophandi
909 2786 1061 2846 naturam
1079 2776 1273 2858 Aristotelis,
1295 2798 1360 2842 non

335 2887 468 2953 dubium
491 2892 549 2967 est,
572 2887 651 2970 quin
674 2906 713 2950 ea
736 2885 908 2950 admodum
930 2884 1057 2949 diversa
1076 2882 1359 2948 hieritaPlatonis

336 2993 471 3058 ratione.
522 2991 614 3056 Hanc
635 2991 721 3055 inter
751 3010 807 3054 eos
838 2990 1057 3054 diversitatem
1087 2989 1120 3053 in
1153 3010 1190 3053 eo
1223 2987 1360 3051 maxime

289 3125 295 3135 ·
339 3097 426 3160 cerni
449 3095 659 3174 arbitramur,
684 3093 770 3176 quod
792 3092 886 3159 Plato
908 3093 975 3158 fere
996 3092 1115 3175 ubique
1137 3093 1184 3156 ita
1205 3090 1360 3173 disputat,

335 3205 373 3264 ut
395 3199 436 3264 ab
458 3197 531 3264 idea
553 3198 662 3280 aliqua
691 3196 742 3261 vel
772 3197 902 3262 notione
930 3196 1168 3280 proficiscatur,
1203 3214 1361 3278 quaerens

336 3303 415 3387 quid
436 3302 565 3384 bonum,
589 3300 666 3386 quid
688 3300 825 3380 malum,
850 3299 928 3382 quid
950 3297 1131 3382 pulchrum,
1156 3299 1234 3383 quid
1254 3305 1360 3382 turpe,

262 3467 264 3478 ,
336 3405 413 3490 quid
432 3407 569 3491 justum,
592 3406 671 3490 quid
691 3407 864 3491 injustum,
888 3401 965 3486 quid
986 3422 1111 3482 verum,
1135 3402 1214 3486 quid
1234 3402 1360 3483 falsum,

337 3509 415 3595 quid
436 3508 607 3574 honestum
630 3510 707 3594 quid
729 3508 935 3575 inhonestum
957 3506 1016 3585 sit,
1050 3526 1187 3589 quarum
1220 3507 1361 3572 omnium

336 3615 503 3680 notionum
526 3635 625 3697 quum
646 3613 849 3679 intomnibus
870 3605 1052 3676 hominibus
1069 3610 1178 3695 aliqua
1194 3610 1363 3694 disciplina

338 3717 472 3782 excultis
496 3717 589 3799 quasi
610 3717 738 3782 nativus
762 3713 941 3799 quidam'et
955 3714 1070 3780 insitus
1088 3706 1201 3783 sensus
1220 3716 1271 3794 sit,
1296 3735 1361 3798 quo

337 3824 371 3890 in
399 3823 439 3888 iis
470 3821 682 3908 dijudicandis
697 3857 699 3868 ι
715 3825 748 3885 et
781 3818 998 3884 discernendis
1033 3819 1210 3901 ducuntur,
1253 3823 1362 3903 potest

337 3927 417 4007 fieri,
440 3932 478 3992 ut
500 3926 556 4010 qni
578 3931 654 4011 apte
675 3923 894 4007 interrogandi
912 3923 1037 4007 peritus
1056 3925 1108 4005 sit,
1131 3921 1362 4008 interrogando

337 4087 544 4096 *ρο-..-

408 4179 457 4247 41)
479 4181 507 4231 C.
526 4181 570 4232 Fr.
590 4181 734 4234 Hermotimi
753 4183 836 4232 Gescb.
855 4198 878 4232 u.
898 4181 959 4245 Syst.
978 4182 1001 4231 d.
1021 4181 1079 4230 Plal.
1099 4180 1184 4229 Pbilcs.
1206 4181 1232 4230 T.
1252 4181 1261 4228 l
1278 4194 1302 4242 p.
1318 4177 1362 4227 ³0.

409 4268 458 4337 42)
477 4271 527 4322 Lib.
547 4271 570 4320 V.
589 4288 613 4338 p.
633 4272 732 4336 314sq.
750 4269 843 4338 (dolon.
862 4271 950 4322 tuom.
970 4269 1059 4336 tolo).
