2870 5076
550 443 757 508 ...75-

90 613 194 700 gignet
223 639 260 682 eo
286 623 446 704 procreet.
492 615 558 682 Sed
587 619 648 682 hoc
675 616 745 684 fieri
767 627 834 683 tum
856 615 985 681 demum
1013 621 1134 703 potest,
1163 635 1236 680 cum

88 724 175 790 bomo
195 725 260 792 ism
282 725 322 791 ed
346 749 506 794 summum
529 727 721 814 cognitionis
742 727 906 813 fastigium
923 726 1080 812 pervenit.
1116 723 1236 789 Distin-

86 835 149 920 guit
169 835 254 902 enim
278 835 469 902 Aristoteles
498 846 649 925 qnettuor
678 837 871 923 cognitionis
898 836 1034 922 gradus:
1062 832 1236 921 perceptio

86 967 167 1025 uem,
191 946 394 1030 memoriam,
423 948 673 1035 experientiam,
701 947 868 1014 scientium
892 959 1060 1034 artemque
1070 944 1106 1031 ¹).
1152 943 1236 1022 Quo

86 1075 149 1120 rom
171 1054 319 1123 ultimum
340 1057 469 1123 demum
492 1059 626 1144 gredum
643 1059 739 1124 homo
755 1057 809 1122 ubi
826 1067 992 1123 essecutus
1007 1065 1065 1136 est,
1088 1053 1236 1119 notiones

86 1185 174 1248 poros
197 1166 340 1251 cogitare
362 1167 457 1232 velet.
504 1169 570 1236 Ubi
594 1178 701 1234 eutem
725 1177 890 1234 essecutus
911 1175 973 1248 eet,
998 1163 1117 1253 duplici
1139 1160 1235 1230 modo

85 1293 116 1336 se
136 1285 243 1362 potest
264 1277 395 1342 babere.
437 1279 581 1345 Primum
605 1280 689 1344 eninr
713 1277 758 1344 ita
780 1278 944 1343 institutus
967 1297 1039 1340 esse
1061 1283 1179 1363 potest,
1200 1281 1237 1338 ut

84 1385 183 1452 stetim
206 1387 395 1474 depromere
418 1389 520 1476 possit
541 1391 688 1455 notiones
710 1390 779 1452 sive
801 1387 937 1470 formos,
965 1408 1030 1451 uon
1053 1395 1158 1450 eutem
1181 1405 1236 1448 eus

85 1493 205 1582 cogitet.
251 1497 316 1576 Qui
351 1508 452 1564 status
485 1509 593 1564 utrum
625 1504 659 1564 in
691 1497 837 1587 potentis
870 1519 911 1562 an
949 1497 982 1562 in
1015 1505 1088 1561 ectu
1120 1493 1237 1558 boben-

85 1603 137 1670 dus
158 1605 212 1688 sit,
241 1607 389 1675 dubitare
410 1607 494 1674 licet.
539 1609 669 1676 Etenim
692 1609 719 1673 si
741 1629 850 1675 meree
872 1608 1035 1694 potentiae
1058 1603 1237 1692 componis,

82 1723 166 1780 ectus
195 1727 259 1799 est,
287 1729 385 1807 etque
409 1719 600 1785 Aristoteles
630 1719 715 1784 houd
745 1741 817 1784 roro
841 1718 872 1783 ei
894 1727 985 1784 actos
1014 1713 1235 1802 proedicstnm

84 1823 203 1908 tribuit,
232 1837 346 1895 contre
368 1829 395 1894 si
418 1851 489 1894 cum
519 1828 713 1918 speculantis
742 1837 828 1894 stetu
856 1849 1042 1916 comparas,
1071 1822 1237 1913 potentiue

83 1933 177 2002 instar
199 1949 258 2020 est,
280 1947 388 2004 tomen
410 1939 465 2020 its,
489 1949 525 2004 ut
546 1938 683 2006 multum
707 1940 803 2006 distet
817 1961 838 2003 e
851 1959 941 2004 mere
961 1933 1116 2026 potentio,
1140 1955 1237 2022 quem

83 2045 119 2110 ob
147 2069 277 2114 oeomm
304 2049 528 2137 philosophus,
559 2044 703 2133 δύναμιν
730 2050 785 2115 ubi
808 2071 881 2115 eum
904 2057 1016 2128 vocet,
1044 2040 1119 2125 πώς
1140 2043 1238 2133 perti-

84 2156 180 2224 culum
208 2159 329 2225 addere
357 2157 481 2244 solet').
526 2161 596 2226 Iam
630 2161 744 2226 tertius
775 2159 920 2250 sequitur
954 2169 1070 2239 status,
1105 2156 1160 2245 qui
1187 2163 1237 2222 est

83 2270 288 2352 speculantis,
316 2271 377 2337 τοῦ
402 2274 623 2358 θεωροῦντος.
669 2271 808 2338 Exsistit
835 2282 942 2338 eutem
971 2271 1038 2352 bic,
1067 2267 1123 2332 ubi
1145 2288 1236 2332 mens

5 2409 6 2464 3
83 2375 195 2444 formes
218 2379 287 2444 sive
309 2381 455 2448 notiones
477 2405 513 2448 re
534 2404 614 2448 veru
636 2383 766 2469 cogitet,
789 2403 959 2470 quoscum
980 2378 1238 2466 slinndepetere

4 2513 5 2518 ¹
84 2507 141 2552 non
164 2489 280 2576 possit,
309 2491 366 2556 sed
387 2492 457 2578 ipse
479 2503 644 2580 procreet,
674 2492 790 2558 mentis
815 2490 899 2556 actio
922 2511 1079 2578 suspense
1101 2511 1165 2554 non
1189 2494 1238 2554 est

5 2579 6 2662 ?
83 2617 119 2660 cx
150 2599 285 2666 obiectis
318 2613 410 2667 extra
441 2603 545 2690 ipsam
576 2601 703 2690 positis,
738 2624 801 2690 quo
830 2599 1016 2688 longissime
1043 2622 1063 2664 e
1090 2597 1237 2666 sensibus

4 2741 6 2806 3
83 2707 177 2774 obest.
217 2713 328 2798 Atque
349 2712 391 2778 ob
414 2713 498 2779 huno
522 2734 654 2779 causam
677 2734 736 2800 por
759 2720 860 2777 semet
881 2712 984 2800 ipsam
1009 2731 1108 2798 ogere
1131 2718 1239 2798 potest

82 2829 110 2878 ct
129 2817 200 2906 ipss
221 2820 440 2908 intellegibilis
463 2822 532 2888 sive
555 2821 736 2909 cogitabilis
759 2831 826 2903 est,
855 2843 926 2887 cnm
957 2819 1163 2907 cogitationis
1186 2818 1239 2884 ob·

82 2923 159 2994 iects
180 2930 298 2996 habeut
320 2931 352 2996 in
377 2943 480 2999 semet
502 2933 623 3022 ipse³).

4 3121 5 3132 ,
160 3039 259 3108 Nullo
294 3063 371 3108 vero
405 3043 501 3110 modo
539 3043 686 3110 notiones
728 3044 802 3110 illae
836 3043 876 3108 eb
911 3043 1037 3109 actione
1071 3041 1235 3129 cogitandi
1279 3027 1287 3036 ’

4 3229 5 3238 ¹
81 3152 242 3238 segregari
269 3166 419 3240 possunt,
458 3179 532 3222 eum
566 3179 629 3222 nou
662 3155 726 3221 sint
759 3156 820 3221 nisi
851 3165 1010 3243 quotenus
1039 3152 1234 3238 cogitentur,

4 3323 5 3338 ,
82 3277 183 3348 neque
204 3263 307 3349 magis
330 3266 581 3352 speculationem
613 3265 785 3352 seiungere
813 3265 887 3330 licet
908 3285 929 3327 e
949 3263 1059 3329 formis
1083 3273 1116 3328 et
1137 3262 1236 3329 notio

110 3433 275 3446 ----—..

152 3525 159 3552 ¹
186 3529 290 3580 ttets
322 3535 344 3584 1.
365 3532 371 3544 ’
392 3572 400 3587 .

4 3677 5 3682 ¹
149 3529 168 3680 ’l
186 3616 225 3668 Do
244 3567 323 3670 eniin.
343 3546 396 3681 llIn,
416 3623 440 3670 4.
460 3619 584 3673 reete:
610 3613 677 3671 ὅταν
703 3615 731 3670 δ’
752 3614 837 3676 οὕτως
861 3615 962 3672 ἕκαστα
987 3620 1098 3686 γένηται
1124 3613 1161 3676 ὥς
1178 3616 1236 3669 tm·

4 3721 5 3740 2
82 3697 186 3768 ῦιὴμων
205 3703 312 3770 λέγεται
330 3699 345 3755 ὁ
364 3702 426 3756 κατ’
447 3703 588 3772 ἐνέργειαν
606 3705 700 3772 (codro
721 3705 750 3757 et
770 3709 925 3774 συμβαίνει,
944 3700 1011 3758 dccv
1029 3703 1144 3772 δύνηται
1163 3703 1235 3774 ἐνερ·

4 3805 6 3858 ;
81 3789 136 3850 νεῖν
154 3785 186 3840 δι’
207 3786 317 3858 αὑτοῦ),
336 3791 392 3845 ἔστι
409 3791 464 3862 μὲν
483 3788 586 3863 ὁμοίως
599 3789 717 3846 euletico
734 3789 852 3864 δυνάμει
869 3809 936 3856 πως,
957 3789 989 3844 erl
1002 3789 1058 3863 μὴν
1071 3787 1174 3862 ὁμοίως
1186 3793 1234 3842 rut

4 3921 5 3928 ,
82 3877 144 3941 πρὶν
159 3883 264 3948 μαθεῖν
281 3875 298 3946 ἢ
316 3875 415 3946 εὑρεῖν.

149 3963 170 4030 ¹)
188 3966 220 4018 L.
239 3967 257 4020 l.
275 3967 310 4030 11,
329 3971 380 4018 41⁷
396 3968 414 4020 b
428 3973 472 4020 19:
495 3967 622 4038 διαφέρει
641 3967 682 4032 δέ,
701 3965 810 4022 δεινοῦ
827 3967 882 4038 μὲν
898 3965 931 4019 ιὰ
950 3965 1078 4034 ποιητικὰ
1096 3966 1141 4032 τῆς
1159 3963 1234 4030 ἔνερ-

81 4052 280 4118 retardentur,
302 4051 332 4106 ro'
357 4050 459 4122 deusde
483 4059 530 4108 recl
549 4053 579 4108 cd
599 4053 748 4118 ἄκαυστόν,
772 4051 874 4125 ὁμοίως
897 4053 928 4106 dl
952 4057 1000 4106 καὶ
1022 4051 1055 4106 ιὰ
1077 4049 1161 4106 lornei
1179 4053 1234 4106 τῶν

82 4140 222 4206 αἰσθητῶν.
247 4144 336 4196 clrior
354 4136 382 4194 δ’
402 4139 442 4196 ὅτι
466 4143 521 4196 τῶν
546 4137 616 4194 καθ’
637 4142 755 4198 ἕκαστον
778 4139 874 4210 ἡκαι’
895 4141 1034 4210 ἐνέργειαν
1058 4144 1196 4206 αἴσθησις,
1218 4135 1235 4206 ἡ

82 4223 106 4274 δ’
125 4225 258 4298 ἐπιστήμη
276 4229 331 4284 τῶν
351 4227 483 4282 καθόλου·
503 4231 587 4284 ταῦτα
606 4223 635 4282 d'
651 4229 682 4285 lu
694 4229 763 4303 αὐτῇ
783 4226 841 4289 πώς
859 4229 914 4282 loru
927 4230 960 4302 τῇ
973 4229 1057 4300 ψυχῇ.
1078 4225 1122 4281 διὸ
1135 4228 1237 4293 νοῆσαι

81 4313 129 4380 μιν
146 4313 193 4370 ἐπ’
215 4312 298 4384 ulid,
320 4313 427 4371 ὁπόταν
444 4313 587 4383 βούληται,
614 4316 803 4373 αἰσθάνεσθαι
826 4313 854 4370 δ’
875 4313 925 4370 οὐκ
949 4313 993 4370 ἐπ’
1015 4315 1099 4386 αὐτῷ.
1135 4317 1189 4378 ΠΙ,
1209 4321 1236 4372 4.

82 4403 216 4458 testeo:
239 4399 282 4456 ὅτι
300 4401 419 4475 δυνάμει
441 4401 500 4465 nuic
517 4404 576 4458 lou
593 4403 626 4460 ud
645 4405 730 4474 νοιριά
749 4399 764 4458 d
783 4407 857 4472 νοῦς,
881 4401 944 4458 tri·
966 4405 1117 4474 ἱνιελεχείρ
1139 4401 1236 4472 etto,

83 4493 143 4562 πρὶν
160 4485 196 4548 ἂν
213 4493 274 4566 νοῇ.
