2870 5076
524 426 731 490 -67-

69 593 176 677 docuit,
203 595 242 662 ab
271 617 309 662 eo
340 593 427 684 quod
454 594 642 683 appetibilia
669 605 702 662 et
730 593 952 682 intellegibilis
974 595 1087 662 eodem
1110 595 1206 664 modo

67 715 200 770 moveant
226 705 390 795 profectus
418 705 554 772 candem
581 705 793 772 substantiam
821 727 979 772 summum
1010 727 1080 770 esse
1107 705 1207 774 linem

67 815 246 903 comprobat.
292 814 360 884 Sed
394 814 636 884 concedendum
671 825 737 899 est,
780 815 865 882 hunc
898 816 1003 882 locum
1036 838 1103 882 non
1137 837 1206 884 esse

67 937 171 1013 aptum,
192 926 247 993 ubi
269 926 482 993 substantiam
503 925 590 992 illam
616 924 727 992 mundi
748 925 844 990 finem
868 946 939 990 esse
962 923 1205 992 demonstretur.

66 1035 138 1104 Nam
163 1037 241 1104 nihil
269 1036 357 1103 aliud
384 1035 488 1102 adhuc
512 1036 702 1102 Aristoteles
732 1033 841 1100 docuit
869 1035 931 1101 nisi
959 1046 1117 1102 motorem
1147 1037 1206 1124 pri·

65 1169 139 1212 mun
169 1169 240 1212 ease
274 1157 455 1228 aeternum,
488 1145 672 1228 immotum,
712 1145 947 1229 substantiam,
983 1157 1104 1212 actum.
1148 1145 1206 1214 Sin

66 1267 158 1324 autern
178 1267 293 1326 natura
316 1279 460 1324 summae
483 1257 698 1338 substantiae,
727 1279 810 1345 quae
834 1251 947 1322 salem
970 1280 1112 1324 summus
1135 1257 1208 1323 finis

66 1379 116 1450 eat,
135 1371 180 1434 bis
203 1367 278 1434 solis
301 1367 401 1434 utitur
423 1366 603 1451 virtutibus,
627 1366 800 1434 admodum
823 1367 941 1454 exigua
965 1377 1014 1432 est
1037 1378 1069 1432 ct
1091 1371 1193 1455 inops.

138 1477 295 1544 Proximis
328 1475 537 1566 philosophus
571 1488 693 1544 motum
724 1477 1001 1565 mutationemque
1030 1501 1158 1545 omnem
1190 1501 1209 1544 a

66 1587 230 1656 substantia
259 1589 362 1676 prima
397 1589 508 1654 abesse
544 1588 674 1656 efficere
713 1590 822 1655 studet
832 1587 866 1674 ¹).
911 1586 985 1666 Quo
1019 1587 1105 1653 facto
1138 1587 1210 1653 sub·

66 1695 103 1762 ito
133 1699 346 1766 conditionem
382 1698 449 1764 eius
480 1698 635 1765 describit
665 1699 780 1781 taleam
817 1709 852 1764 ut
888 1709 1028 1764 mentem
1057 1719 1127 1764 esse
1156 1720 1210 1784 ap·

66 1819 175 1892 uuest.
218 1808 285 1876 Sed
309 1808 469 1898 quomodo
492 1807 524 1875 id
547 1807 616 1874 fieri
638 1810 768 1897 potest?
805 1811 976 1876 Profectus
1000 1818 1069 1874 erat
1090 1808 1211 1874 Aristo·

67 1917 138 1984 telas
166 1919 402 1986 indefinienda
430 1918 552 2006 primae
581 1918 779 1986 substantiae
807 1931 922 1986 namra
945 1943 965 1984 a
986 1929 1074 1986 motu
1100 1918 1211 2006 quiin

66 2027 118 2096 boc
145 2030 262 2098 mundo
289 2032 388 2112 inest,
417 2040 515 2117 atque
548 2031 635 2096 huno
656 2031 698 2096 ab
725 2031 781 2097 ills
809 2051 942 2096 manare
970 2028 1211 2096 demonstrave-

65 2149 114 2204 rat
151 2142 220 2208 lam
241 2141 282 2206 ad
305 2151 446 2207 mentem
470 2141 631 2229 quomodo
655 2141 850 2230 perducatur
874 2141 1090 2222 statuendam,
1115 2140 1210 2206 facile

66 2259 107 2314 at
135 2249 173 2316 sd
202 2251 386 2318 videndum.
431 2251 541 2318 Motus
577 2253 661 2318 enim
698 2251 865 2319 constituit
897 2250 1051 2316 mundum
1087 2271 1212 2314 omues·

65 2379 119 2443 que
153 2382 235 2448 quse
268 2383 306 2427 eo
343 2361 548 2428 continentur
580 2374 723 2429 naturas.
768 2362 852 2428 Boni
881 2371 990 2427 autem
1021 2369 1053 2426 et
1086 2359 1213 2447 pulchri

67 2466 144 2551 quod
166 2480 198 2536 et
218 2470 251 2536 in
274 2471 408 2559 singulis
430 2472 527 2538 rebus
551 2483 582 2538 et
603 2473 636 2538 in
659 2474 720 2538 bac
751 2495 858 2538 rernm
888 2471 1097 2536 universitate
1125 2493 1216 2557 rape-

65 2575 136 2644 titur
162 2579 335 2668 originem,
369 2583 396 2646 si
423 2582 589 2671 sequimur
619 2583 843 2662 Aristotelem,
873 2582 1016 2647 tribuere
1046 2603 1110 2645 non
1138 2580 1215 2678 licet

65 2687 114 2754 nisi
135 2689 332 2758 substantiae
354 2693 508 2782 providae
532 2717 570 2758 sc
591 2694 757 2780 praeditae
780 2703 889 2759 mente
898 2691 932 2778 ¹).
978 2689 1119 2759 Omnino
1144 2715 1215 2757 con·

64 2807 141 2866 runs
162 2802 347 2868 Aristotelis
370 2805 468 2870 tuisse
491 2804 650 2870 sententia
672 2803 810 2885 videtur,
839 2802 952 2869 ordino
980 2825 1018 2868 ac
1040 2801 1216 2890 pulchritu-

64 2903 127 2975 dine
154 2910 265 2978 mnodi
295 2914 372 3001 quin
402 2914 572 3001 adigamur
598 2914 639 2979 ad
661 2937 782 2980 numen
804 2910 949 2978 divinum
972 2913 1214 3000 agnoscendum

63 3021 243 3088 nonfacere
272 3047 336 3090 non
364 3022 503 3113 possa¹).
548 3025 664 3112 Itaque
690 3024 790 3091 motio
816 3047 880 3112 qua
904 3022 1042 3089 mundus
1066 3022 1214 3088 conditus

8 3175 9 3198 l

8 3209 9 3218 ι
67 3197 252 3214 ''qn—n—

123 3331 227 3396 ¹)1st
251 3331 454 3400 rorate-ra.

123 3419 141 3482 ¹)
158 3420 221 3470 Met.
241 3421 273 3482 A,
293 3423 317 3472 3.
337 3419 418 3470 abab
435 3425 479 3472 ll:
508 3420 556 3472 τοῦ
580 3417 635 3490 γὰρ
659 3413 689 3472 εὖ
712 3419 760 3470 καὶ
783 3417 873 3476 καλῶς
895 3415 928 3470 τὰ
951 3415 1006 3488 μὲν
1029 3417 1101 3487 ἔχειν
1125 3415 1158 3472 τὰ
1183 3417 1215 3474 δὲ

61 3503 193 3568 γίγνεσθαι
217 3507 271 3559 τῶν
294 3501 383 3559 ὄντων
405 3509 471 3564 Iuor
495 3499 557 3560 οὔτε
581 3508 636 3575 τιῡρ
662 3501 723 3558 οὔτε
748 3505 802 3574 γῆν
826 3497 884 3558 οὔτ’
912 3497 979 3556 cillo
1007 3507 1060 3560 τῶν
1084 3504 1216 3563 τοιούτων

61 3585 132 3648 οὐδὲν
150 3587 210 3648 οὔτ’
231 3591 305 3653 εἰκὸς
329 3598 418 3650 αἴτιον
441 3594 512 3650 εἶναι
535 3591 594 3649 οὔτ’
616 3595 738 3653 ἐκείνους
762 3593 906 3659 οἰηθῆναι·
933 3589 995 3646 οὐδ’
1017 3585 1052 3645 οὐ
1076 3595 1113 3661 τῷ
1138 3591 1217 3648 ου’το·

60 3672 124 3746 stirp
140 3683 188 3734 aul
205 3682 238 3754 τῇ
256 3678 321 3754 τύχῃ
341 3684 475 3739 τοσοῦτον
494 3683 636 3752 ἐπιτρέψει
655 3683 774 3754 πρᾶγμα
800 3683 891 3738 καλῶς
914 3679 994 3750 εἶχεν.
1020 3684 1088 3736 νοῦν
1118 3679 1151 3749 dri
1178 3701 1217 3744 τις

61 3763 131 3822 eluar
150 3767 230 3836 alvos,
249 3765 377 3840 καθάπερ
395 3771 425 3824 έν
443 3775 500 3828 τοῖς
519 3765 605 3840 ζῴοις,
625 3773 672 3822 καὶ
691 3769 721 3824 έν
734 3772 766 3842 τῇ
780 3766 866 3840 φύσει
879 3767 928 3824 τὸν
942 3773 1030 3823 αἴτιον
1042 3772 1091 3823 τοῦ
1104 3766 1212 3842 κόσμου

60 3855 97 3904 ²⁶2
112 3859 154 3924 τῆς
171 3853 271 3918 τάξεως
289 3857 380 3922 πάσης
397 3853 458 3913 οἷον
477 3855 575 3930 νήφων
594 3855 686 3929 ἐφάνη
713 3853 783 3926 παρ’
806 3859 865 3930 εἰκῇ
885 3859 1014 3925 λέγοντος
1032 3855 1094 3916 τοὺς
1113 3853 1213 3924 πρότε-

60 3951 107 4002 ρον.
139 3953 178 4012 Λ,
200 3949 241 4001 10.
261 3949 311 4003 ita:
333 3942 533 4000 Ἐπισκτπτέον
557 3945 588 3998 dl
608 3948 655 3998 acl
675 3950 800 4016 ποτέρως
818 3945 872 4015 ἔχει
893 3943 909 4012 ἡ
927 3946 976 3998 τοῦ
995 3941 1062 3998 ὅλου
1082 3942 1167 4014 odore
1184 3943 1214 3998 ad

60 4022 157 4094 ἆγτθόν
176 4037 223 4088 acl
241 4031 271 4086 tt
290 4027 414 4103 ἄριστον,
438 4031 557 4104 πότερον
576 4038 785 4106 κεχωρισμένον
803 4053 829 4086 τι
852 4035 899 4086 καὶ
925 4029 992 4086 αὐτὸ
1016 4029 1083 4086 καθ’
1105 4025 1216 4098 oduini

60 4111 99 4178 ‘lv
114 4117 199 4184 τάξιος
219 4115 235 4188 ἢ
254 4117 421 4192 ἀμφοτέρως
438 4119 533 4192 ὥσπερ
553 4119 719 4191 στράτευμα.
738 4121 787 4174 καὶ
807 4117 862 4192 γὰρ
881 4119 911 4172 έν
929 4119 964 4192 τῇ
983 4115 1055 4176 τάξει
1074 4116 1104 4170 td
1124 4111 1153 4170 εὖ
1173 4119 1219 4170 καὶ

60 4193 246 4280 imperarit,
269 4212 316 4263 rol
339 4211 448 4281 peritior
468 4197 561 4272 adeor⁴
587 4206 694 4282 οὐγὰρ
714 4199 793 4265 οὗτος
815 4207 863 4262 διὰ
883 4203 934 4274 τὴν
954 4203 1032 4266 τάξιν
1050 4200 1109 4260 ἀλλ’
1132 4205 1220 4270 ἐκείνη

60 4283 97 4342 διὰ
113 4292 209 4352 τοῦτον
230 4295 313 4352 ἔστιν.

121 4383 139 4448 ³)
159 4387 270 4449 Sextus,
294 4387 421 4440 sdverm
443 4387 596 4438 anathemat
621 4388 672 4452 lX,
699 4391 752 4442 20:
784 4377 969 4458 Ἀριστοτέλης
998 4379 1030 4434 dl
1060 4377 1116 4436 ἀπὸ
1145 4379 1224 4434 δυοῖν

67 4459 149 4538 lutis
166 4473 281 4528 ἔννοιαν
299 4473 373 4526 θεῶν
392 4473 467 4544 ἔλεγε
486 4477 635 4545 γεγονέναι
654 4472 685 4528 ἐν
703 4477 761 4532 τοῖς
779 4466 951 4546 ἀνθρώποις,
970 4465 1028 4526 sind
1045 4487 1073 4524 τε
1091 4470 1147 4524 τοῖν
1165 4467 1228 4540 περὶ

966 4563 1019 4634 ὃ*
