2870 5076
534 409 850 474 ..43...

148 587 282 674 Atque
303 585 383 652 alia
405 582 595 650 eiusmodi
618 591 726 662 sunt,
759 593 801 648 ut
822 601 959 648 omues
982 601 1044 646 res
1067 601 1110 645 ea
1132 597 1221 665 par·

77 697 234 785 ticipent
255 695 304 761 ad
328 705 463 777 toturn,
488 681 548 782 [ὦν
568 694 588 759 i.
607 717 635 760 e.
659 687 744 760 diors
767 685 886 774 αὐτῶν,
910 691 950 756 cf.
974 691 1056 757 Plat.
1075 687 1156 774 Rep.
1175 686 1219 768 ΙΙ,

75 807 172 874 36οΒ.
195 805 319 874 Herod.
342 805 402 887 IV,
426 805 467 872 52
491 803 564 892 cet]
589 806 620 870 h.
635 827 663 870 e.
688 813 818 892 praeter
841 825 879 868 ea
902 825 985 890 quae
1013 807 1087 866 sunt
1115 797 1220 882 singu·

76 919 165 986 larum
185 941 294 986 rerum
316 925 451 982 naturae
480 915 674 1004 propriaue
697 913 887 1001 peculiaria,
918 920 993 978 sunt
1014 912 1110 978 etiam
1132 916 1221 974 certa

77 1028 233 1123 qaudam,
262 1047 347 1115 quae
379 1026 528 1094 omnibus
551 1025 681 1094 omnino
705 1022 889 1092 communia
915 1031 1003 1104 sunt,
1034 1032 1132 1108 atque
1162 1037 1220 1104 per

10 1111 13 1142 ,
76 1161 148 1225 quae
181 1137 330 1206 omnibus
370 1135 574 1204 necessitudo
614 1135 722 1222 alique
756 1157 830 1200 oum
868 1135 1020 1200 universo
1053 1128 1220 1213 contingit.

77 1247 157 1328 Quae
184 1258 291 1318 sutem
320 1247 385 1314 sint
415 1247 471 1312 illa
501 1233 547 1311 uir
574 1249 728 1313 sotowast
754 1241 888 1312 ἅπαντα
895 1293 904 1327 ,
940 1245 1001 1310 etsi
1029 1236 1222 1308 Aristoteles

76 1379 167 1447 neque
194 1359 246 1426 hio
273 1381 379 1448 neque
412 1357 475 1426 alio
497 1358 570 1424 loco
593 1357 685 1441 dicit,
714 1356 884 1444 apparebit
906 1353 1010 1421 exiis
1032 1373 1116 1440 quoe
1137 1347 1222 1413 infra

76 1467 317 1558 disputsbuntur.

147 1579 367 1648 Subsistemus
396 1579 562 1668 paulisper
591 1578 623 1644 in
655 1577 717 1643 hoo
747 1578 818 1644 loco
843 1573 1085 1644 considerando.
1131 1567 1224 1637 Sum·

77 1711 149 1756 mum
175 1691 273 1778 igitur
303 1690 422 1758 bonum
451 1699 484 1756 et
511 1687 745 1755 transcendens
777 1697 839 1771 est,
875 1685 962 1777 quod
992 1683 1094 1752 nostri
1124 1679 1224 1769 pbilo-

77 1800 156 1888 sophi
176 1811 302 1884 vocant,
325 1810 358 1868 et
380 1801 570 1866 immanens.
616 1799 668 1864 Ac
689 1794 1223 1925 “Q

77 1919 117 1974 est
135 1909 224 1993 deus,
247 1921 361 1980 contre
382 1909 493 1976 mundi
516 1908 595 1976 ordo
618 1918 667 1974 est
688 1907 810 1978 honum
832 1930 1029 1991 immanens,
1058 1905 1149 1972 cuius
1170 1903 1224 1968 ille

76 2007 252 2090 mr.
296 2023 349 2092 Ad
372 2045 471 2089 unum
495 2021 594 2110 igitur
619 2041 671 2085 res
695 2021 788 2107 quasi
811 2043 881 2086 com
945 2019 1009 2084 itae
1033 2027 1130 2105 atque
1152 2035 1224 2080 con·

76 2129 187 2200 iunctae
208 2143 298 2216 suut3
329 2041 1006 2200 attamen-mmmff‘euiem'ulllem
1029 2125 1225 2206 conditione,

76 2241 121 2306 red
142 2245 227 2310 varie
256 2243 391 2334 singulis
421 2242 719 2342 sufferendo-uum&
728 2241 859 2342 Q?
870 2241 1040 2344 &9122
1049 2247 1132 2344 est
1130 2234 1224 2316 ratio,

76 2374 158 2438 quam
178 2355 220 2422 ob
242 2377 374 2422 causum
404 2353 501 2420 etiem
527 2352 685 2420 libertatis
715 2354 789 2442 plus
816 2354 965 2422 minusve
995 2349 1131 2439 singulis
1153 2367 1225 2414 con·

77 2462 195 2534 ceditur.
240 2466 352 2535 Veluti
372 2463 525 2548 siderum,
548 2463 665 2553 quihus
687 2464 830 2530 maxime
853 2489 935 2553 opus
958 2465 999 2532 sit
1014 2458 1225 2531 edmundum

77 2576 335 2658 conservandum,
365 2573 534 2642 artissimis
561 2575 682 2642 finibus
710 2575 779 2642 vita
809 2586 842 2642 et
862 2577 951 2643 actio
982 2570 1227 2657 circumscripta

10 2709 11 2782 j
76 2696 124 2766 est,
147 2697 258 2754 contra
278 2686 376 2754 rebus
399 2707 485 2773 quae
507 2683 588 2754 fiunt
604 2694 637 2752 et
652 2685 826 2770 intereunt,
849 2698 886 2754 ut
901 2711 986 2776 quae
1002 2686 1103 2754 multo
1120 2681 1226 2750 minum

10 2783 11 2788 ἵ
76 2795 108 2860 ad
128 2805 225 2866 totum
242 2796 436 2866 servendum
451 2796 631 2879 conferant,
655 2773 757 2864 multo
773 2797 848 2898 plus
865 2797 1023 2864 libertatis
1040 2793 1227 2862 conceditur

76 2915 102 2970 et
121 2908 216 2976 multo
246 2911 280 2976 in
309 2907 348 2976 iis
376 2906 607 2996 permittuntur
636 2906 734 2976 casui.
779 2906 936 2988 Quamvis
967 2917 1076 2974 autern
1106 2927 1227 2992 meges

76 3015 109 3079 ait
127 3040 229 3086 rerum
254 3019 435 3102 diversitas,
459 3028 568 3084 temen
592 3016 752 3105 quaedem
772 3029 848 3086 sunt
862 3018 1011 3086 omnibus
1033 3015 1225 3098 communis,

10 3151 11 3228 ζ
77 3147 125 3210 per
146 3151 226 3216 qoee
248 3129 358 3198 omnia
377 3127 412 3194 in
434 3126 590 3222 mundum
614 3151 714 3196 unum
738 3129 959 3196 conciliantur.
999 3127 1118 3196 Omnis
1139 3125 1225 3192 enim

10 3237 11 3304 Ϊ
77 3233 222 3321 deinum,
235 3238 432 3334 Melon
451 3248 625 3326 oppetunt,
651 3263 711 3328 per
738 3261 835 3328 quem
862 3239 1040 3328 appetitum
1063 3238 1171 3306 omnia
1192 3245 1227 3302 et

10 3407 11 3430 p
77 3346 174 3417 valent
194 3349 316 3439 aliquid
338 3349 379 3416 ad
401 3373 563 3418 summum
585 3350 706 3418 bonum
730 3349 818 3438 quod
840 3351 873 3416 in
902 3351 965 3416 hoc
987 3351 1107 3418 mundo
1129 3351 1225 3430 inest,

10 3509 11 3560 3
77 3467 103 3521 el
127 3459 157 3526 id
186 3463 379 3550 participant
392 3461 428 3549 ¹).
475 3458 558 3528 Cum
585 3470 694 3528 autem
720 3459 811 3526 varie
846 3482 929 3549 quae
959 3461 1057 3528 rebus
1090 3459 1226 3548 singulis

77 3587 138 3636 tum
159 3574 307 3640 universo
328 3571 501 3640 intercedit
522 3572 605 3642 ratio
627 3571 661 3637 in
684 3571 961 3672 earumipsarum
983 3571 1227 3672 naturapesim

10 3657 11 3688 ¹
76 3675 118 3760 sit,
138 3703 187 3748 res
209 3682 356 3772 singulae
379 3681 574 3750 constitutae
596 3684 661 3751 sint
682 3705 815 3750 neeesse
831 3693 881 3750 est
903 3684 1079 3750 secuudum
1102 3683 1228 3748 unirer·

77 3787 199 3858 ritatem.
243 3793 343 3860 Redit
368 3792 467 3880 igitur
495 3793 582 3862 idem
605 3796 691 3885 quod
721 3794 787 3862 iem
818 3796 852 3860 in
876 3816 1011 3882 corpore
1033 3792 1225 3861 notavimus.

77 3893 344 3974 Quemadmodum
368 3904 455 3974 enim
477 3903 628 3994 singulae
649 3907 793 3994 corporis
824 3915 933 3994 portes
955 3904 1062 3972 factes
1084 3911 1160 3970 sunt
1181 3923 1227 3968 ss·

76 4009 202 4078 cundum
225 4037 342 4103 corpus
365 4023 480 4098 totum,
504 4016 551 4082 sio
574 4017 671 4082 etiarn
688 4017 888 4104 singularum
910 4037 1018 4082 rerum
1034 4023 1151 4080 nature
1166 4011 1228 4078 deo

76 4175 261 4200 κν*

141 4295 157 4356 ¹)
175 4299 245 4353 Haec
264 4303 350 4370 magis
370 4301 536 4371 apparebunt
554 4321 587 4355 sx
605 4303 664 4356 loeo
683 4303 729 4356 ubi
755 4303 787 4356 ds
811 4302 922 4358 numine
941 4301 1035 4356 divino
1055 4298 1137 4352 verba
1154 4299 1235 4350 tacis-

79 4393 136 4476 Ψ,
157 4390 267 4442 mnino
290 4405 323 4440 ex
341 4389 379 4442 iis
403 4406 472 4458 quas
490 4389 522 4442 ds
540 4393 651 4456 ratione,
674 4407 742 4460 quae
761 4393 853 4446 sonnis
873 4406 906 4442 ac
926 4390 1088 4444 substantiis
1108 4401 1168 4440 cum
1187 4385 1237 4440 deo

80 4473 214 4541 Um,
233 4483 407 4547 exponentur.
