2950 5076
620 429 698 495 ·17

115 620 208 681 ultera
225 619 370 702 particula
390 619 566 700 copulativa,
600 617 652 678 sed
685 611 719 676 δέ
741 617 919 698 respondet,
955 615 1034 699 quod
1069 635 1135 677 cnm
1167 615 1247 698 opud

114 724 240 803 optimos
276 724 434 802 scriptores
457 718 551 800 fiat*)
584 723 704 782 minime
724 719 855 781 offendit.
900 720 975 781 Cum
1007 741 1078 782 vero
1112 719 1273 794 nonnulli⁸

115 823 171 884 loci
193 826 404 896 invenirentur,
427 824 536 904 quihus
559 821 632 908 quid
654 823 819 903 particulae
841 818 878 880 τέ
900 811 1093 904 responderet
1114 841 1172 882 non
1193 837 1246 902 ap·

113 937 231 1007 pareret
252 936 343 1008 atque
363 925 394 985 id
417 925 545 986 maxime
559 919 627 985 heri
646 923 805 997 videretur,
830 925 855 985 si
869 919 906 982 τὲ
926 919 988 1005 γάρ
1007 912 1138 1005 positum
1157 933 1246 1000 esset,

113 1030 264 1089 notissima
284 1028 337 1087 illa
362 1026 619 1087 doctrina'exorta
640 1036 687 1088 est
701 1035 790 1107 atque
810 1028 940 1088 omnium
954 1027 1018 1088 fere
1041 1029 1245 1105 grammatico·
1276 1027 1279 1036 ’

113 1149 177 1190 rum
198 1147 343 1190 consensu
364 1130 500 1209 probate,
533 1130 709 1208 particulam
731 1122 768 1186 vt
796 1131 827 1188 in
849 1129 950 1189 verbis
967 1123 1004 1184 cl
1023 1123 1086 1209 γάρ
1106 1147 1166 1190 non
1182 1132 1246 1208 jam
1370 1125 1374 1132 ’

114 1232 260 1312 copulare,
281 1231 334 1292 sed
355 1226 393 1288 ‘cl
414 1223 476 1310 γάρ
495 1229 567 1290 nihil
584 1231 662 1292 aliud
679 1231 846 1310 significare
867 1231 923 1292 nisi
946 1249 1093 1311 „namque
1107 1232 1248 1304 etenim“,

113 1334 156 1394 its
178 1343 211 1394 ut
232 1333 310 1394 nihii
330 1326 550 1393 desideraretur
571 1343 630 1412 quo
652 1327 689 1390 τὲ
711 1335 908 1413 exciperetur.
952 1333 1063 1393 Klotcii
1086 1335 1138 1414 qui
1160 1353 1246 1394 uocu-

113 1429 259 1496 rutissime
282 1435 321 1495 de
343 1455 380 1496 ee
400 1453 433 1495 re
466 1434 628 1514 disputavit
661 1435 698 1495 oi.
722 1443 824 1498 annot.
856 1434 895 1495 nd
919 1435 1033 1496 Devar.
1064 1433 1244 1511 749-152,
1328 1426 1331 1432 ’

113 1539 206 1599 verba
228 1525 302 1598 haec
321 1545 389 1598 sunt
410 1533 486 1606 (749
509 1536 564 1596 sub
579 1536 700 1615 finem)r
724 1603 726 1610 ,
745 1535 829 1611 „Sed
852 1545 951 1600 tamen
967 1535 1046 1597 haud
1067 1547 1137 1598 roro·
1155 1539 1246 1600 etiam
1276 1565 1278 1572 >

114 1641 299 1715 factumest,
323 1649 356 1700 ut
378 1634 415 1696 τὲ
436 1631 498 1718 γάρ
520 1639 682 1718 particulae
705 1637 858 1718 ita-plane
881 1647 1066 1718 ponerentur,
1091 1659 1185 1721 ,quem
1208 1641 1246 1702 ad
1354 1631 1356 1636 ’

114 1741 234 1802 modum
257 1742 384 1802 Latinae
404 1749 494 1801 vooe's
517 1742 625 1800 etenim
649 1742 697 1801 rel
720 1761 857 1823 nemque,
889 1761 987 1823 neque
1007 1742 1133 1802 alterum
1153 1763 1245 1805 mem-

113 1843 199 1905 brum
221 1854 273 1904 aut
294 1851 454 1924 poneretur
475 1853 526 1904 aut
544 1843 575 1903 in
595 1843 711 1924 relique
733 1844 874 1904 orationis
896 1845 1130 1905 conformatione
1155 1845 1246 1922 signi·

112 1946 251 2012 licaretur
272 1966 420 2027 quoquam
440 1945 536 2021 modo,
561 1946 668 2026 quibus
690 1947 721 2005 in
743 1947 816 2032 locis
838 1947 1010 2006 rectissume
1033 1941 1074 2010 G.
1100 1948 1245 2008 Hermen·
1269 2029 1271 2034 Ι

114 2067 170 2108 nus
194 2047 232 2108 ad
257 2048 411 2130 Sophoclis
432 2047 658 2108 Trachiniarnm
691 2068 810 2108 versum
849 2047 942 2112 1015.
976 2070 1007 2128 p·
1034 2049 1103 2114 176.
1126 2049 1178 2126 ait,
1209 2044 1247 2106 τέ

113 2148 187 2209 illud
202 2170 270 2211 -non
291 2151 439 2230 copulare,
460 2149 513 2210 sed
537 2151 633 2211 lenius
655 2149 811 2212 adfirmare
832 2170 922 2230 quum
943 2147 1007 2226 τοί,
1043 2150 1123 2210 unde
1144 2159 1245 2210 natum

114 2261 195 2312 esset
215 2260 249 2312 ut
269 2248 448 2314 Germanice
469 2271 523 2333 per
550 2253 585 2330 ja
617 2252 666 2311 vel
689 2253 767 2312 wohl
786 2253 912 2332 exprimi
936 2260 1043 2332 posset.
1071 2253 1130 2312 'llt
1149 2254 1180 2312 iu
1200 2251 1245 2312 hie

113 2353 235 2432 quidem
258 2355 329 2414 locis
350 2354 376 2412 is
410 2357 461 2434 qui
489 2356 628 2434 loquitur,
663 2353 695 2414 id
727 2335 781 2435 per
802 2349 839 2411 τὲ
860 2349 922 2435 γάρ
946 2355 1105 2436 particulas
1128 2355 1246 2416 videtur
1321 2424 1325 2434 ¹

115 2456 195 2516 selle
217 2455 395 2533 significare,
428 2475 463 2530 pe
482 2477 547 2516 cum
577 2457 663 2535 plura
685 2458 907 2516 commemorari
931 2457 1057 2537 possint,
1080 2457 1146 2530 hoc,
1167 2456 1246 2541 quod

110 2559 176 2634 jam
198 2557 297 2629 infert,
321 2578 375 2637 per
391 2552 453 2635 γάρ
471 2559 647 2638 particulam
669 2579 685 2618 e
709 2559 841 2638 pluribus
865 2559 955 2618 rebus
977 2559 1173 2638 potissumum
1193 2579 1262 2638 pov

115 2679 196 2734 nere,
231 2669 264 2718 ut
297 2639 421 2719 caussae
452 2659 579 2721 redditio
602 2681 662 2720 non
684 2663 749 2720 sine
768 2658 895 2738 quadam
918 2660 1148 2740 arnplificutio'ne
1167 2661 1247 2723 fiat.“

113 2780 184 2840 pag·
203 2759 276 2824 750.
299 2759 398 2821 addit:
423 2763 604 2843 „posteriore
625 2771 759 2842 tempore
774 2759 843 2820 inde
858 2761 896 2820 ab
910 2753 1075 2823 Aristotele
1090 2761 1247 2822 admodum

114 2863 294 2943 trequentari
315 2863 367 2922 ille
389 2864 494 2923 harum
508 2863 718 2942 particularium
740 2881 810 2924 nens
829 2870 950 2942 coeptus
972 2864 1051 2922 eet.“
1096 2883 1165 2944 pag.
1184 2861 1247 2927 752
1292 2853 1294 2856 ’

113 2964 188 3025 duos
209 2965 291 3026 locos
315 2985 353 3024 ex
377 2965 511 3025 Politicis
540 2965 633 3036 affert,
666 2967 774 3046 quihus
806 2965 858 3024 ille
880 2983 952 3023 usus
973 2963 1093 3043 probari
1113 2963 1250 3026 videtur:

116 3064 208 3130 1256.
230 3087 258 3125 s.
281 3065 332 3143 23,
368 3066 459 3130 1333.
483 3087 510 3129 a.
534 3066 565 3128 2.
610 3066 697 3127 Solus
716 3067 902 3144 Hartungius
922 3064 1003 3147 quod
1023 3067 1115 3128 sciam
1136 3068 1157 3127 l.
1178 3065 1198 3130 l.
1221 3067 1248 3131 l.

113 3185 185 3248 pag.
208 3167 278 3230 115.
312 3169 393 3228 illam
426 3167 589 3228 doctrInem
619 3189 679 3228 non
700 3169 825 3248 accepit,
859 3166 912 3228 sed
934 3161 1122 3230 Frituschius
1145 3166 1186 3250 (v.
1209 3168 1248 3229 ad

112 3270 212 3331 Ethic.
240 3271 328 3335 1161.
351 3291 379 3333 a.
405 3269 468 3344 18.)
487 3279 588 3330 contro
609 3289 676 3330 eum
698 3268 786 3330 dicit:
831 3269 1012 3344 „Particulis
1035 3266 1072 3328 τὲ
1093 3267 1156 3352 γάρ
1175 3268 1204 3330 h.
1228 3270 1248 3330 l.

114 3372 219 3434 eodem
241 3371 337 3444 modo,
370 3391 430 3452 quo
453 3373 555 3432 Latini
588 3375 706 3446 etenim,
743 3389 836 3432 causo
855 3369 1013 3446 indicatur,
1048 3371 1169 3452 dequo
1192 3389 1249 3432 usu

112 3477 221 3536 iniurih
244 3475 282 3534 ab
302 3474 459 3552 Hartungo
483 3469 523 3556 (si
543 3474 640 3544 recte,¹
656 3493 737 3556 qnae
759 3472 835 3532 dixit
856 3474 888 3534 in
902 3472 923 3535 l.
946 3488 1006 3532 von
1021 3473 1079 3534 den
1095 3471 1250 3534 Partilreln

113 3578 167 3638 der
188 3561 393 3655 griechischen
424 3575 556 3656 Sprache
587 3576 612 3648 I,
648 3598 679 3658 p.
702 3572 773 3638 115.
809 3569 960 3656 intelligo)
989 3573 1174 3650 addubitato,
1210 3594 1249 3635 ex

114 3675 287 3740 Aristotelis
297 3677 426 3758 ,scriptio
458 3676 532 3738 hoec
561 3677 700 3759 exempla
727 3677 862 3738 subicere
884 3679 982 3738 visum
1007 3687 1068 3739 est:
1105 3672 1185 3740 Gen.
1209 3678 1248 3741 Α.
1319 3701 1324 3710 ·

112 3782 139 3840 Ι.
161 3779 213 3855 21,
235 3800 265 3860 p.
289 3775 361 3843 729.
383 3779 413 3841 b.
434 3778 465 3854 9,
498 3777 541 3842 11«
563 3780 592 3852 7,
616 3799 646 3859 p.
663 3776 736 3842 747.
757 3798 784 3839 a.
809 3777 859 3843 13.
883 3777 1029 3844 Meclx.
1053 3781 1083 3856 6,
1107 3799 1138 3860 p.
1156 3777 1250 3870 1071.

112 3883 142 3950 b.
165 3881 199 3946 5:
233 3883 259 3944 I.
282 3878 312 3952 2,
333 3902 364 3961 p.
386 3879 461 3946 983.
483 3901 511 3944 a
534 3879 628 3956 6-8,
663 3881 739 3941 Xll.
761 3879 791 3954 9,
814 3900 844 3961 p.
872 3878 961 3946 1086.
985 3898 1012 3942 a.
1035 3882 1085 3950 16.
1120 3881 1176 3942 1v.
1199 3879 1252 3956 27,

111 4007 142 4066 p.
168 3981 260 4048 1024.
284 4004 312 4044 a.
336 3981 385 4046 12.
428 3983 522 4062 Phys.
543 3983 568 4045 1.
592 3981 622 4056 3,
641 4004 672 4065 p.
698 3981 769 4048 186.
791 3983 822 4044 b.
849 3980 898 4046 19.
942 3981 1066 4044 lleteor.
1092 3983 1135 4044 11.
1158 3979 1188 4058 8,
1220 4003 1250 4064 p.

118 4104 133 4110 ψ
182 4132 210 4202 ‘p
229 4134 262 4186 or.
274 4133 359 4186 Klots.
379 4139 468 4184 annot.
486 4130 518 4183 ad
537 4131 690 4184 Dersriom.
708 4147 770 4200 pag.
782 4134 850 4186 741.
864 4131 1005 4183 Pritusohs.
1024 4133 1059 4184 ed
1078 4131 1138 4184 sch.
1149 4133 1253 4186 Nicom.

117 4220 190 4272 1161.
210 4235 234 4272 a.
252 4219 301 4284 tt,-
332 4217 401 4286 apud
428 4217 601 4270 Aristotelem
622 4217 737 4270 msxime
757 4211 861 4284 ὁμο1ως
879 4209 909 4270 li
926 4215 976 4270 aui
992 4219 1142 4284 particulos
1161 4217 1192 4270 rt
1212 4233 1254 4271 re·

110 4305 229 4372 spondet.
