2870 5076
698 414 903 478 ..fig-

220 611 309 671 vero,
335 541 492 676 quidquid
515 585 584 674 agit
605 593 638 650 et
659 591 822 672 operatur,
849 607 914 652 non
938 585 978 650 ab
1002 585 1097 652 aliam
1121 605 1249 653 causam
1272 603 1368 670 opera·
1420 591 1421 635 l

219 709 282 782 tur,
307 722 404 786 quam
429 697 514 784 quod
536 697 658 762 bonum
682 704 738 760 aut
754 703 803 760 est
818 707 873 759 aut
888 695 949 782 ipss
940 695 1091 762 'videtur
1103 695 1136 781 ¹,)
1160 703 1257 782 atqua
1278 691 1368 761 omnis

220 833 272 876 ars
295 809 507 894 similiterque
529 805 615 872 actio
638 814 669 870 et
692 805 810 891 agendi
835 805 1003 872 consilium
1032 807 1154 872 bouum
1178 803 1306 891 aliquod
1325 826 1369 888 ap·
1420 841 1421 892 q

221 916 345 1006 petit).
379 918 503 983 Multae
520 926 628 982 autem
645 938 717 982 cum
735 914 799 980 sint
821 897 1011 982 actioneset
1032 925 1119 984 artes
1141 915 1370 1000 doctrinaeque,

220 1029 301 1092 fines
330 1049 459 1114 quoque
491 1025 652 1096 exsistunt
680 1025 784 1092 multi.
829 1027 913 1094 Nam
944 1025 1125 1096 medicinae
1153 1024 1284 1112 quidem
1308 1022 1370 1088 finis

222 1147 273 1204 cst
293 1138 379 1204 bona
394 1137 557 1220 valetudo,
581 1137 659 1203 artis
675 1138 962 1205 construendarum
977 1138 1109 1202 navium
1123 1136 1227 1218 nevis,
1251 1131 1372 1200 victoria

222 1258 272 1316 art
273 1249 299 1314 is
321 1248 564 1335 imperatoriae,
588 1249 796 1319 oeconomiae
819 1247 948 1314 divitiae
958 1247 994 1334 5)
1042 1245 1106 1326 Qui
1127 1269 1205 1315 vero
1229 1267 1308 1334 opus
1329 1241 1373 1306 ali·

223 1357 309 1444 quod
333 1357 476 1424 efficiunt
498 1359 723 1447 actionemque
746 1358 887 1446 aliquam
918 1357 1086 1441 obsunt·
1078 1357 1116 1423 1is
1139 1356 1172 1422 in
1196 1377 1293 1444 opere
1312 1352 1371 1440 ipso

221 1469 342 1534 bonum
372 1493 466 1536 suum
496 1468 652 1536 consistit.
699 1471 816 1558 Itaque
842 1469 963 1537 bomini
986 1489 1129 1557 quoque,
1158 1467 1185 1534 si
1207 1463 1293 1554 quod
1314 1462 1372 1528 eius

223 1561 273 1643 est
295 1601 376 1666 opus
400 1586 432 1644 et
453 1601 586 1660 munus,
616 1579 650 1644 in
682 1601 719 1646 eo
742 1580 812 1667 ipso
835 1581 954 1646 bonum
977 1580 1117 1665 positum
1139 1585 1199 1644 est.
1246 1573 1372 1647 Credere

223 1698 330 1754 autem
353 1711 418 1756 non
440 1690 516 1755 licet
537 1689 621 1756 fabri
644 1699 677 1758 et
699 1690 815 1758 sutoris
838 1689 968 1778 aliquod
992 1711 1063 1756 esse
1084 1712 1165 1780 opus
1188 1697 1221 1754 et
1244 1687 1371 1774 aliquan

223 1800 399 1884 actionem,
429 1799 566 1866 hominis
590 1792 666 1868 vero
691 1823 762 1868 esse
784 1801 923 1882 nullum,
950 1800 1049 1869 immo
1071 1809 1108 1866 ut
1129 1799 1230 1882 oculi,
1261 1815 1371 1874 manus,

223 1910 316 1997 pedis
338 1911 606 1999 singularumque
627 1912 770 1999 partium
792 1913 943 1978 omnium·
956 1935 1049 1978 suum
1072 1910 1229 1998 cuiusque
1252 1929 1328 1995 opus
1347 1911 1373 1966 el

224 2043 340 2086 munus
368 2031 432 2103 est,
467 2022 513 2086 sic
536 2022 675 2088 bominis
697 2046 826 2111 quoque
849 2031 979 2110 praeter
1007 2022 1088 2088 baec
1117 2020 1227 2088 omnia
1257 2011 1372 2105 aliquod

224 2153 304 2218 opus
339 2154 409 2198 esse
441 2132 534 2198 nobis
569 2141 618 2198 est
648 2132 866 2200 statuendum.
914 2133 1008 2212 Quod
1041 2131 1097 2202 ubi
1130 2129 1373 2217 cog-noverimus.

224 2242 321 2309 etiam
356 2242 443 2330 quod
471 2242 592 2310 bonum
625 2244 667 2309 sit
699 2243 836 2310 hominis
876 2243 1056 2332 proprium,
1095 2241 1286 2308 habebimus
1317 2257 1371 2325 per·

225 2361 383 2440 spectum.
431 2351 526 2432 Quod
560 2361 668 2420 autom
701 2352 796 2434 vivit,
829 2353 862 2418 id
897 2353 1027 2442 quidem
1061 2376 1133 2420 cum
1168 2353 1320 2440 stirpibus
1348 2352 1373 2408 et

224 2461 342 2548 plantis
366 2462 395 2528 ei
418 2485 588 2531 commuue
617 2485 689 2530 esse
717 2473 861 2551 apparet.
908 2463 1071 2544 Quocirca
1097 2464 1165 2530 vita
1186 2487 1227 2528 ea
1250 2455 1373 2552 quaein

225 2571 340 2638 alendo
370 2569 402 2639 et
429 2575 634 2662 augescendo
657 2575 818 2657 consistit,
851 2573 905 2640 ubi
935 2599 1017 2664 opus
1038 2574 1223 2663 quaerimus
1251 2563 1373 2641 hominis

224 2683 400 2770 proprium,
423 2686 622 2758 removenda
644 2695 701 2755 est.
746 2686 871 2754 Pariter
894 2687 961 2752 vita
984 2708 1068 2774 quae
1090 2686 1124 2752 in
1146 2684 1313 2754 sentiendo
1334 2681 1376 2742 esl'

224 2795 329 2882 posita
349 2795 470 2862 bomini
493 2797 743 2865 communisset
766 2819 838 2862 cum
863 2821 945 2885 equo
969 2805 1002 2862 et
1023 2797 1107 2862 bove
1125 2805 1224 2885 atque
1247 2795 1374 2862 animen-

225 2905 312 2972 tibus
329 2907 487 2972 omnibus.
521 2907 728 2997 Relinquitur
741 2907 840 2996 igitur
855 2907 922 2974 vita
939 2905 1098 2997 quaedam
1121 2929 1232 2994 agens,
1255 2897 1374 2994 proprie

224 3015 309 3084 illius
331 3015 364 3082 in
386 3017 516 3085 bomine
539 3019 626 3106 quod
649 3019 773 3087 ratione
796 3018 977 3108 praeditum
997 3027 1054 3086 est.
1090 3019 1171 3084 Eius
1187 3026 1294 3084 autem
1310 3028 1373 3100 pert

224 3150 289 3194 una
309 3137 358 3193 est
380 3151 463 3216 quae
486 3129 602 3196 rationi
625 3129 838 3216 obtemperat,
862 3153 934 3196 cum
958 3130 1029 3215 ipsa
1044 3130 1085 3194 sit
1104 3127 1239 3196 rationis
1260 3139 1374 3213 experts

225 3238 328 3304 altera
354 3263 437 3328 quae
467 3239 630 3328 cogitandi
660 3262 792 3305 munere
821 3242 978 3327 fungitur.
1025 3239 1124 3306 Cuius
1151 3239 1309 3305 actionem
1330 3253 1374 3316 ap·

225 3359 318 3438 paret
349 3372 419 3416 esse
446 3351 501 3415 illa
529 3349 731 3418 nobiliorem.
778 3350 845 3418 Sed
875 3375 947 3416 cum
975 3352 1056 3416 haec
1078 3351 1148 3438 ipsa
1170 3351 1238 3414 vita
1261 3343 1373 3414 duobus

225 3459 328 3524 modis
351 3459 487 3544 dicatur,
512 3485 582 3528 eam
599 3484 683 3552 quae
704 3462 738 3528 in
757 3461 922 3530 functione
946 3461 1090 3529 muueris*
1106 3459 1251 3528 consistit
1266 3469 1374 3550 ponere

226 3568 380 3634 debemus
404 3574 683 3657 praestantiorem.
729 3573 845 3661 Itaque
868 3596 950 3660 opus
971 3571 1112 3639 hominis
1134 3581 1312 3638 statuamus
1331 3582 1374 3630 110·

225 3701 315 3746 cesse
339 3689 387 3746 est
408 3682 509 3748 vitem
532 3683 694 3771 quandam
719 3706 789 3750 esse
806 3706 942 3772 eamque
958 3692 1065 3748 actum
1082 3683 1179 3748 animi
1195 3692 1228 3749 et
1243 3681 1374 3748 acciones

226 3817 298 3860 cum
320 3794 445 3860 ratione
469 3794 656 3861 coniunctas
668 3794 703 3903 ⁴).
749 3795 820 3860 Iam
845 3819 918 3861 eum
944 3815 1204 3882 unamquamque
1227 3794 1372 3858 actionem

1420 3955 1421 3983 l

301 4039 399 4104 ¹)Eth.
418 4039 474 4091 Nic.
493 4039 541 4100 111,
561 4041 584 4092 6.
613 4040 674 4090 Met.
695 4042 735 4104 A,
756 4044 914 4092 1072a27:
934 4034 1107 4107 ἐπιθυμητὸν
1125 4034 1179 4107 μὲν
1197 4034 1251 4106 γὰρ
1270 4033 1299 4089 τὸ
1317 4043 1374 4101 ‹pss-
1420 4033 1421 4136 )

225 4121 345 4197 νόμενον
363 4123 460 4192 καλόν,
478 4123 613 4193 βουλητὸν
633 4123 664 4178 δὲ
683 4127 794 4196 πρῶτον
812 4124 842 4179 sd
862 4119 895 4178 ὃν
914 4119 1009 4179 καλόν.

297 4214 317 4279 5)
336 4215 396 4268 leth.
422 4216 480 4267 Nio.
504 4218 529 4280 1,
557 4220 578 4267 1.
603 4217 654 4266 in..
679 4215 763 4268 Πᾶσα
785 4216 865 4280 τέχνη
889 4213 936 4266 καὶ
961 4213 1038 4266 πᾶσα
1061 4213 1200 4284 μέθοδος,
1229 4213 1327 4284 ὁμοίως
1347 4195 1421 4252 555
1420 4241 1421 4262 t

226 4303 323 4371 πρᾶξίς
342 4320 370 4356 τε
388 4303 437 4354 καὶ
454 4305 624 4373 προαίρεσις,
644 4299 757 4371 ἀγαθοῦ
774 4300 847 4360 τινὸς
865 4299 997 4370 ἐφίεσθαι
1016 4301 1101 4356 δοκεῖ.
1420 4287 1421 4344 l

299 4389 447 4456 eutr,
468 4395 492 4444 1.
514 4395 647 4446 roccae.

296 4477 318 4543 ⁴)
336 4479 368 4530 L.
387 4480 405 4530 l.
424 4481 446 4547 I,
466 4483 489 4533 6.
510 4482 576 4533 1097
591 4479 607 4532 b
621 4483 717 4547 ³0sqq.
