2870 5076
685 425 891 496 ..50-

210 598 304 685 eique
331 609 439 684 partes
466 600 617 666 tribuisse
643 621 759 666 oaueae
787 551 1013 682 secundariad,
1045 595 1230 687 neglexisse
1260 608 1358 665 autem

209 708 341 774 alteram
365 709 431 774 eiua
454 719 618 795 naturam,
646 709 869 799 privationem.
914 710 953 776 Id
977 709 1061 776 enim
1085 709 1172 798 quod
1199 717 1358 775 remaneat

207 827 239 882 et
261 839 325 882 nou
347 818 484 884 intereat
507 842 636 886 caueam
660 819 882 888 secundariam
899 843 970 887 erae
990 841 1097 887 rerum
1114 839 1197 908 quae
1211 819 1358 900 oriantur,

208 926 321 992 matria
343 927 445 993 instar
457 928 490 1015 ¹),
520 940 632 1004 eontra
660 929 793 996 alteram
817 932 1026 1020 oppositionis
1048 939 1188 1020 partem,
1217 927 1361 1017 privatio·

209 1058 302 1118 nem,
326 1037 353 1101 si
376 1039 447 1125 quis
470 1039 510 1103 ad
533 1041 648 1104 molam
672 1039 739 1106 eiua
761 1027 827 1107 vim
850 1052 882 1107 et
903 1041 1126 1107 effieaoiratem
1149 1041 1292 1106 animum
1315 1038 1360 1106 ad·

207 1155 323 1228 vertat,
348 1149 570 1238 appariturum
593 1171 665 1215 eree
686 1151 822 1218 formam
845 1173 975 1238 prorsus
997 1173 1061 1228 non
1085 1149 1283 1238 adiuvare²).

300 1255 467 1347 Quidquid
500 1261 598 1348 igitur
630 1261 744 1343 oritur,
779 1262 817 1326 fit
846 1283 864 1325 a
895 1261 1085 1348 privatione.
1130 1261 1224 1327 Haeo
1260 1271 1362 1328 autem

139 1424 147 1434 .
213 1367 315 1455 perit,
347 1369 401 1434 ubi
432 1391 484 1435 ree
513 1372 622 1456 oritur,
653 1379 764 1436 eontra
793 1381 902 1436 monet
929 1371 1073 1436 materia.
1115 1371 1200 1437 Nam
1231 1372 1362 1460 privatio

211 1499 270 1562 per
293 1501 326 1543 ee
349 1501 412 1546 nou
437 1491 498 1564 ast,
529 1483 586 1547 eod
611 1490 660 1546 eet
681 1501 770 1544 mara
792 1481 915 1545 formae
942 1482 1089 1568 negatio,
1121 1503 1203 1569 qaae
1227 1483 1362 1548 oamitor

207 1587 240 1651 in
263 1589 406 1670 matoria,
430 1591 484 1657 ubi
507 1593 588 1662 haeo
610 1593 746 1656 formem
762 1591 905 1656 nondum
920 1592 1051 1679 recapit.
1088 1593 1204 1679 Itaque
1228 1617 1293 1660 non
1308 1615 1361 1682 per

208 1717 243 1760 ee
267 1697 442 1786 quidquam
466 1701 567 1767 oritur
590 1725 607 1768 e
629 1699 823 1789 privatione,
855 1700 912 1766 aad
934 1721 993 1789 per
1016 1700 1183 1784 accidens,
1214 1724 1287 1769 aum
1311 1704 1361 1769 titt

209 1827 227 1870 e
249 1807 421 1892 substrato,
445 1813 479 1877 in
502 1835 565 1899 quo
589 1820 638 1875 eet
660 1810 797 1898 privatio
810 1808 846 1896 ⁸).

294 1915 360 1984 Sed
385 1921 550 1985 autetiam
573 1921 725 2008 privatio,
756 1943 838 2008 quae
867 1921 961 1987 duret
984 1931 1088 2010 etque
1111 1921 1153 1988 eit
1175 1923 1301 1990 formae
1321 1925 1361 1990 in⁴

208 2027 317 2114 etar⁴).
364 2029 463 2096 Cuius
495 2031 623 2116 generis
654 2040 702 2094 eet
730 2031 863 2097 morbus
887 2033 1044 2119 eorporis,
1073 2032 1227 2098 tenebrae
1250 2034 1359 2115 noetis,

208 2141 409 2154 —-—-—.

207 2207 259 2242 non
278 2193 367 2258 habet,
387 2197 466 2249 immo
486 2192 603 2265 δυνάμει
621 2195 666 2246 hio
683 2197 817 2262 signifieat
835 2197 903 2247 idem
915 2198 984 2264 quod
1003 2195 1069 2248 ridet
1086 2198 1115 2248 in
1134 2199 1192 2249 loeo
1211 2181 1304 2265 paullo
1322 2215 1360 2250 eu-

206 2295 254 2344 pra
272 2281 364 2332 allato:
383 2283 430 2333 καὶ
448 2283 527 2334 τοῦτο
547 2285 571 2333 εἰ
588 2283 635 2334 καὶ
653 2279 765 2352 ἀριθμῷ
784 2281 857 2335 ἐστὶν
876 2283 914 2347 ἓν,
934 2281 995 2336 ἀλλ’
1016 2283 1081 2336 εἴδει
1100 2301 1131 2352 γε
1150 2281 1203 2352 οὐχ
1221 2284 1261 2339 ἓν.

282 2372 299 2436 ¹)
319 2371 421 2423 Platon.
442 2370 508 2420 Tim.
526 2370 601 2420 501).
621 2372 690 2420 Tim.
710 2371 786 2422 Lacr.
807 2371 875 2422 9413.

281 2458 399 2524 ⁹)Phye.
419 2458 441 2520 1,
461 2460 485 2510 9.
507 2461 554 2506 192
568 2474 583 2507 a
597 2459 624 2510 9:
647 2459 730 2525 μέχρι
751 2455 804 2527 μὲν
826 2454 880 2525 γὰρ
905 2453 986 2526 δεῦρο
1005 2459 1158 2526 προῆλθον,
1182 2457 1225 2512 ὅτι
1243 2460 1291 2516 δεῖ
1305 2458 1360 2516 τινὰ

206 2541 371 2598 ὑποκεῖσθαι
395 2539 500 2612 φύσιν,
519 2537 618 2606 ταύτην
640 2543 736 2611 μέντοι
760 2547 829 2614 μίαν
852 2545 991 2598 ποιοῦσιν·
1017 2547 1063 2597 καὶ
1084 2544 1139 2613 γὰρ
1162 2550 1190 2599 εἴ
1210 2565 1249 2606 τις
1275 2546 1359 2601 δυάδα

206 2635 288 2694 ποιεῖ,
307 2632 396 2698 λέγων
413 2633 487 2701 μέγα
506 2630 552 2682 καὶ
569 2627 672 2698 μικρὸν
690 2617 785 2696 αὐτήν,
809 2627 895 2685 οὐθὲν
917 2618 997 2697 ἧιιον
1022 2629 1103 2686 ταύτὸ
1128 2639 1217 2688 ποιεῖ·
1240 2635 1292 2703 τὴν
1309 2634 1358 2706 γὰρ

206 2719 301 2787 ἑτέραν
320 2716 460 2788 παρεῖδεν.
484 2714 499 2782 ἦ
517 2717 570 2788 μὲν
588 2716 643 2787 γὰρ
661 2714 843 2787 ὑπομένουσα
862 2723 988 2772 συναιιία
1012 2721 1044 2791 τῇ
1061 2723 1160 2793 μορφῇ
1178 2725 1235 2777 miv
1251 2727 1361 2795 γινομέ-

205 2821 262 2861 νοιν
280 2805 362 2871 ἐστίν,
387 2801 478 2877 ὥσπερ
501 2802 597 2874 μήτηρ·
620 2802 637 2872 ἡ
657 2802 683 2857 d'
706 2805 783 2877 ἑτέρα
804 2811 891 2877 μοῖρα
913 2807 957 2874 τῆς
976 2805 1159 2868 ἐναντιώσεως
1177 2809 1313 2871 πολλάκις
1329 2806 1361 2865 ἂν

208 2897 382 2964 φαντασθεέη
404 2894 442 2960 τῷ
466 2890 535 2962 πρὸς
558 2891 587 2946 vd
614 2892 769 2947 κακοποιὸν
794 2891 877 2959 αὐτῆς
903 2890 1049 2958 ἀτενίζουσι
1077 2893 1126 2962 τὴν
1150 2893 1281 2952 διάνοιαν
1299 2894 1358 2950 orid’

206 2982 276 3036 εἶναι
293 2979 323 3035 vd
343 2977 488 3051 παράπαν,
507 2983 563 3036 soil.
583 2983 710 3036 ouvarrta
722 2982 754 3051 τῇ
766 2982 865 3052 μορφῇ
885 2982 939 3036 τῶν
956 2986 1121 3053 γινομένων.
1150 2985 1256 3048 Quibus
1276 2988 1359 3038 verbis

206 3072 285 3123 aliam
304 3077 382 3138 atque
400 3087 449 3121 noe
468 3072 624 3123 senteutiam
643 3071 743 3122 aubiait
760 3071 904 3136 Prantliue,
923 3087 983 3122 oum
1001 3073 1192 3139 interpretetur·
1225 3075 1359 3138 „Namlioh

201 3160 276 3226 jonae
296 3158 503 3222 Sabetauzialle,
527 3159 640 3210 welohee
659 3158 783 3211 baetehen
803 3159 900 3224 bleiht,
924 3159 961 3210 iet
979 3160 1122 3228 allerdinge
1140 3159 1305 3215 Mitureoohe
1321 3163 1360 3214 tar

205 3247 246 3298 die
259 3247 419 3313 Geataltung
431 3246 476 3296 dea
489 3247 694 3311 Entstehendan,
713 3246 858 3314 gleichsam
872 3249 923 3298 wie
938 3249 995 3298 eine
1006 3247 1114 3311 Muttar,
1132 3247 1196 3300 abar
1213 3251 1256 3302 die
1269 3252 1359 3303 andere

205 3336 275 3386 Seite
293 3333 338 3385 dee
358 3334 599 3401 Gegeneatapaaroe
623 3335 729 3386 mdehte
747 3335 926 3410 demjenigen‚
951 3333 1064 3386 weloher
1086 3335 1134 3385 auf
1149 3337 1192 3388 die
1210 3337 1277 3390 boae
1295 3337 1359 3390 Wit-

204 3422 280 3488 kung
299 3421 434 3472 deraelben
449 3421 549 3476 eoharf
569 3423 616 3475 dae
634 3423 804 3490 Auganmerk
822 3423 929 3486 riohtet‚
954 3423 991 3474 oft
1016 3422 1078 3474 eher
1095 3437 1143 3488 gar
1161 3424 1237 3476 nioht
1254 3441 1289 3478 aa
1307 3426 1359 3477 exi·

204 3511 284 3561 etiren
304 3507 453 3560 eoheinen.“
492 3509 542 3560 Sed
561 3527 623 3561 num
644 3512 705 3562 inde
724 3510 794 3577 quod
813 3509 913 3576 aliquid
932 3512 960 3560 vi
979 3512 1063 3561 utitur
1080 3511 1150 3563 mola
1162 3525 1193 3563 aa
1205 3515 1358 3579 perniciosa,

204 3597 232 3648 id
249 3597 355 3648 omnino
373 3611 426 3645 non
446 3610 503 3645 esee
520 3598 613 3664 oolligi
632 3599 737 3664 potest?

277 3681 297 3746 ⁸)
316 3683 346 3736 L.
364 3683 382 3732 l.
408 3682 429 3745 1,
456 3686 480 3732 8.
503 3685 547 3732 191
563 3682 580 3734 b
597 3687 643 3734 1³2
670 3680 748 3753 ἡμεῖς
778 3683 809 3736 di
837 3669 885 3732 καὶ
914 3679 996 3734 uiroc
1021 3701 1116 3755 φαμεν
1140 3689 1288 3755 γίγνεσθαι
1309 3686 1359 3758 μὲν

206 3768 289 3822 οὐδὲν
308 3765 402 3828 ἁπλαῖς
420 3767 450 3820 ἐκ
468 3765 507 3838 μὴ
526 3760 614 3834 ὄντος,
633 3767 708 3841 ὅμως
725 3774 821 3841 μέντοι
838 3773 985 3839 γίγνεσθαι
1006 3771 1036 3823 ἐκ
1047 3771 1086 3843 μὴ
1106 3767 1194 3841 ὄντος,
1214 3768 1274 3829 οἷον
1293 3772 1359 3828 κατὰ

206 3853 389 3930 συμβεβηκός·
410 3856 440 3908 ἐκ
457 3853 512 3925 γὰρ
530 3858 575 3922 τῆς
594 3853 750 3928 στερήσεως,
769 3855 785 3911 ὅ
803 3858 860 3910 ἐστι
878 3854 946 3910 καθ’
967 3854 1033 3912 αὐτὸ
1052 3859 1091 3931 μὴ
1111 3853 1153 3927 ὅν,
1172 3857 1223 3914 οὐκ
1242 3858 1359 3930 ἐνυπάρ-

202 3963 302 4016 χοντος
318 3947 445 4014 γίγνεταί
459 3963 493 4010 ιι,
512 3947 538 4000 h.
553 3963 573 3996 e.
593 3963 608 3997 e
626 3947 774 4012 privatione
793 3948 871 4008 anim,
891 3961 958 4013 quae
977 3963 1022 4014 per
1034 3965 1063 4000 ee
1075 3953 1114 4000 est
1131 3965 1184 4001 non
1203 3967 1259 4016 ene,
1279 3953 1359 4003 oritur

203 4036 313 4102 aliquid,
332 4050 392 4086 eum
409 4032 458 4084 illa
470 4035 497 4082 in
511 4049 540 4085 eo
553 4049 606 4084 non
624 4034 697 4085 ineit.
726 4035 747 4096 1,
767 4039 791 4084 7.
814 4037 862 4086 190
876 4052 891 4086 a
904 4037 934 4085 9:
955 4035 1010 4087 vair
1029 4033 1061 4087 δὲ
1078 4037 1254 4106 γιγνομένων
1273 4033 1308 4094 ὡς
1325 4032 1356 4087 τὰ

204 4119 280 4174 ἁπλοῖ
298 4123 415 4191 λέγομεν
432 4122 589 4187 γίγνεσθαι,
613 4117 643 4172 vd
666 4119 720 4190 pir
738 4118 880 4192 ὑπομένον
897 4124 1020 4190 γίγνεται
1038 4119 1068 4174 τὸ
1088 4117 1116 4174 d‘
1138 4123 1192 4193 οὐχ
1210 4120 1357 4195 ὑπομένον.

204 4206 218 4262 ὁ
238 4206 362 4279 μὲνγὰρ
382 4201 532 4274 ἅνθρωπος
554 4202 687 4277 ὑπομένει
710 4208 845 4278 μουσικὸς
867 4206 1033 4280 γιγνόμενος
1055 4202 1205 4279 ἄνθρωπος
1226 4215 1272 4264 καὶ
1295 4212 1357 4275 ἔστι,

146 4281 152 4286 ”
204 4291 234 4350 ri
253 4295 285 4348 dd
303 4294 341 4366 μὴ
353 4293 492 4366 μουσικὰν
504 4297 549 4347 καὶ
563 4293 594 4348 rd
608 4287 735 4367 ἄμουσον
749 4289 811 4350 οὔτε
823 4293 917 4356 ἁπλῶς
929 4289 990 4351 οὔτε
1003 4299 1207 4369 συντιθέμενον
1219 4295 1357 4368 ὑπομένει.
1428 4317 1429 4320 ’

276 4386 298 4450 ⁴)
316 4386 344 4434 L.
364 4385 383 4436 l.
401 4385 436 4448 11,
459 4389 481 4434 1.
502 4385 581 4437 1931)
598 4389 641 4438 18ι
667 4380 684 4451 ἡ
711 4383 743 4437 δέ
763 4401 795 4453 γε
816 4383 913 4455 μορφὴ
937 4387 984 4438 καὶ
1001 4383 1018 4451 ἡ
1036 4383 1121 4456 φύσις
1145 4385 1229 4455 διχῶς
1245 4387 1355 4456 λέγεται.

205 4473 254 4527 καὶ
270 4469 324 4542 γὰρ
341 4468 359 4537 ἡ
378 4473 501 4542 στέρησις
518 4467 591 4534 εἶδός
609 4470 668 4535 πώς
686 4471 769 4528 ἐστιν.
