2966 5072
817 470 858 530 80

327 657 407 703 esse.
452 636 516 702 Sed
533 655 616 720 pone
636 634 670 699 id
693 636 808 717 ipsum,
829 633 979 700 Pisonem
995 635 1211 718 principatum
1227 640 1349 715 tenere,

326 743 394 822 vix,
416 747 510 825 puto,
533 742 721 824 apparebit,
745 749 803 807 cur
825 742 953 807 omnino
975 761 1105 808 necesse
1127 741 1224 807 fuerit
1248 737 1350 804 statui

327 844 403 927 quid
427 845 619 910 discriminis
641 847 726 910 inter
747 844 848 911 libros
871 845 911 910 de
922 845 1057 910 Finibus
1080 851 1113 910 et
1135 865 1189 909 eos
1212 844 1252 908 de
1268 842 1348 907 Ora-

325 954 415 1028 tore,
440 949 600 1033 quoniam,
623 950 651 1014 si
673 950 720 1013 ita
743 953 844 1030 esset,
873 948 1046 1033 utrobique
1070 947 1181 1013 Cicero
1212 968 1251 1012 ex
1272 945 1349 1012 alie-

326 1053 376 1116 nis
398 1052 543 1134 personis
566 1053 758 1117 sententiam
777 1051 897 1118 diceret
910 1052 980 1136 ¹⁸⁰).
1025 1053 1107 1117 Nam
1129 1073 1212 1136 quae
1226 1050 1349 1117 Bakius

326 1154 418 1220 dicit:
450 1157 485 1221 in
515 1156 570 1221 illo
594 1156 788 1222 Aristotelea
819 1177 908 1222 more
937 1155 1153 1240 colloquentes
1183 1162 1349 1238 tamquam

326 1257 528 1324 adversarios
550 1260 667 1340 induci,
691 1281 828 1342 quorum
844 1263 995 1344 cujusque
1012 1261 1172 1324 sententia
1194 1259 1233 1324 de
1254 1259 1347 1324 indu·

326 1363 407 1428 stria
429 1362 628 1443 defendatur,
651 1383 671 1427 a
693 1364 836 1446 principe
851 1362 1079 1446 disputationis
1094 1362 1136 1430 ad
1150 1368 1349 1446 postremum

285 1493 292 1514 ι
326 1469 541 1532 convincatur.
585 1466 623 1531 In
646 1466 748 1532 altero
771 1487 886 1550 genere
909 1487 1012 1549 neque
1034 1472 1071 1531 ut
1091 1467 1177 1532 inter
1198 1467 1347 1532 adverse-

325 1573 390 1637 rios
413 1571 585 1654 disputari,
616 1591 719 1654 neque
741 1577 778 1636 ut
799 1593 882 1637 unus
904 1572 1121 1655 principatum
1142 1577 1265 1652 teneat,
1289 1571 1348 1636 sed

324 1675 372 1740 ita
393 1674 605 1758 potissimum,
625 1679 662 1739 ut
682 1675 783 1740 totius
806 1676 986 1758 argumenti
1008 1680 1118 1758 partes
1134 1675 1349 1759 aequabiliter

324 1781 409 1846 inter
436 1779 653 1863 colloquentes
683 1779 936 1860 distribuantur,
969 1799 1105 1864 quorum
1138 1779 1255 1863 singuli
1286 1800 1349 1845 sua

325 1891 490 1968 tamquam
512 1885 546 1948 in
569 1905 735 1949 commune
758 1885 936 1965 conferant,
968 1889 1001 1948 et
1030 1883 1091 1950 hoc
1121 1905 1220 1968 genus
1250 1883 1348 1950 alteri

323 1988 411 2054 velut
424 1987 631 2053 Aristotelico
652 1988 769 2070 opponi
784 2009 804 2052 a
820 1987 982 2069 Cicerone,
1007 2007 1046 2052 ea
1067 1989 1162 2072 plane
1183 2010 1248 2056 non
1270 1995 1349 2055 sunt

325 2093 489 2179 ejusmodi,
514 2114 553 2158 ex
575 2094 692 2176 quibus
714 2092 913 2159 differentiae
930 2094 1007 2178 quid
1026 2095 1202 2158 constituas
1216 2113 1348 2158 necesse

325 2199 377 2264 sit.
432 2197 515 2261 Nam
537 2197 717 2280 quicunque
738 2197 773 2260 in
795 2196 929 2281 dialogis
953 2198 1134 2278 Ciceronis,
1168 2195 1348 2281 dequibus

324 2301 419 2366 modo
440 2301 561 2365 mentio
591 2299 677 2365 facte
699 2305 766 2381 est,
794 2307 903 2384 partes
933 2301 1058 2385 aliquas
1085 2301 1241 2367 sermonis
1263 2306 1347 2365 tam—

325 2425 421 2488 quam
443 2424 614 2487 personam
635 2404 788 2469 tuendam
811 2406 961 2488 suscipit,
994 2405 1023 2470 is
1053 2426 1092 2470 ex
1120 2404 1181 2470 hac
1208 2424 1348 2488 persona

325 2509 448 2588 omnia,
480 2527 562 2590 quae
591 2507 620 2572 ei
643 2508 778 2574 dicenda
804 2515 896 2591 sunt,
930 2509 1076 2575 omnibus
1099 2508 1216 2593 quibus
1238 2513 1349 2590 potest

323 2611 503 2677 rationibus
527 2612 786 2696 argumentisque
808 2613 937 2680 firmare
955 2613 1129 2697 fulcireque
1152 2613 1267 2678 nititur
1288 2612 1346 2694 ita,

324 2722 362 2782 ut
384 2716 466 2780 alter
488 2714 626 2780 alterum
648 2736 745 2798 saepe
767 2719 921 2800 corrigat,
949 2717 1040 2782 alter
1062 2718 1157 2783 alteri
1179 2723 1346 2800 repugnet,

324 2821 406 2886 alter
429 2820 567 2884 alterum
594 2821 780 2885 convincere
808 2841 961 2905 suamque
989 2822 1182 2886 sententiam
1204 2822 1347 2903 superio·

323 2945 393 2989 rem
420 2923 525 2989 iecere
558 2923 693 2988 studeat.
748 2924 786 2988 In
815 2925 931 3009 quibus
956 2924 1053 2990 rebus
1076 2923 1162 3006 quod
1183 2923 1348 2990 interdum

397 3162 463 3231 180)
480 3165 556 3215 Habes
576 3165 612 3215 hie
629 3166 706 3231 paucis
724 3167 799 3217 verbis
818 3167 1012 3224 demonstratum,
1031 3179 1099 3228 quam
1118 3163 1160 3212 sihi
1177 3171 1290 3225 repugnet
1308 3165 1346 3215 in·

322 3253 413 3304 terdum
430 3254 512 3304 Belius
531 3255 632 3319 nihilque
650 3255 715 3305 dost.
752 3255 867 3306 concedat
885 3269 980 3304 necesse
1000 3261 1035 3301 est
1051 3251 1194 3318 principun
1211 3267 1278 3310 aare.
1304 3255 1347 3304 eni

319 3344 483 3410 principatur
500 3345 634 3394 tribuatur.
672 3343 704 3392 Ei
722 3344 785 3394 Bakii
803 3351 878 3393 autern
896 3342 1007 3392 sententia
1026 3340 1065 3402 „in
1082 3340 1120 3388 illo
1132 3339 1267 3391 Aristoteleo
1281 3357 1346 3393 more

321 3429 379 3498 (hoc
397 3440 445 3480 est:
464 3433 502 3496 qui
521 3441 556 3482 cst
573 3433 597 3482 in
615 3434 678 3483 libris
697 3434 852 3494 delinitus,
878 3433 901 3482 in
919 3430 1071 3491 Academicis,
1095 3430 1118 3480 in
1142 3430 1229 3493 dialogo
1248 3433 1276 3481 de
1294 3433 1345 3483 Nat.

320 3516 399 3579 licon,
411 3519 434 3568 in
445 3518 598 3587 Divinatione)
612 3550 647 3557 —
661 3525 781 3588 cujusque
799 3524 923 3572 sententia
941 3547 977 3558 -—
996 3537 1013 3570 n
1030 3519 1148 3587 principe
1167 3520 1347 3588 disputationis

321 3606 357 3656 nd
372 3617 525 3673 pornemnm
550 3610 715 3660 convincitur.
752 3612 801 3659 Jam
824 3625 894 3674 quum
919 3610 943 3658 in
966 3608 1053 3670 dialogo
1078 3610 1106 3657 de
1125 3610 1218 3658 Finibus
1237 3625 1264 3658 ex
1283 3611 1346 3661 Bakii

320 3695 431 3744 sententia
450 3694 536 3746 Pisoni
552 3697 714 3764 principatus
729 3699 869 3753 triduano,
888 3698 999 3760 sequitur,
1018 3706 1043 3747 ut
1060 3699 1200 3762 reliquorum
1218 3701 1345 3750 sententiae

321 3801 338 3834 a
355 3783 446 3834 Pirum
467 3784 502 3834 nd
517 3795 670 3851 postremum
688 3789 887 3845 convincantur,
913 3787 941 3836 in
959 3788 1039 3853 iisqne
1057 3790 1182 3838 sementia
1205 3789 1344 3842 Ciceronis.

320 3874 385 3932 Quod
404 3889 459 3923 num
477 3889 557 3924 verum
575 3875 612 3937 sit,
635 3877 684 3940 ipse
703 3877 784 3926 Belius
808 3876 893 3925 viderit.
938 3877 1018 3940 Neque
1041 3877 1102 3926 enim
1128 3877 1206 3927 Cicero
1230 3879 1344 3929 aPisone

319 3964 348 4012 ad
366 3971 507 4026 postremum
525 3966 678 4026 convincitur,
704 3964 747 4015 sed
769 3964 880 4028 quaedam
899 3965 1046 4030 Peripatetico
1074 3981 1132 4029 quae
1153 3967 1255 4016 Ciceroni
1269 3969 1344 4018 minus

320 4061 450 4102 constanter
476 4052 534 4102 dicta
560 4064 612 4104 esse
638 4055 785 4114 videbantur,
813 4053 864 4103 Piso
890 4055 912 4103 ei
938 4056 1035 4119 probare
1054 4058 1139 4106 studet.
1182 4056 1215 4106 lle
1235 4057 1292 4110 Fin.
1317 4059 1343 4118 V,

320 4158 352 4190 cc.
371 4141 421 4202 28,
441 4142 484 4204 30,
503 4142 544 4192 32.
615 4193 617 4198 .

1415 4127 1426 4164 t
