2950 5076
558 445 786 509 -111-

99 641 186 706 quam
214 615 285 683 vult
314 615 484 698 efficiatur,
514 605 595 704 opus
622 637 694 682 esse
724 615 911 682 mutatione.
956 613 995 680 In
1025 635 1088 704 quo
1116 633 1176 701 per
1204 637 1250 698 se,

26 773 27 780 ι
98 727 262 795 dummodo
300 726 437 794 exsistat
471 725 632 792 sententia
665 737 751 815 apta,
785 751 850 794 non
885 725 1088 808 offendimur,
1127 724 1251 790 etiamsi

96 859 198 904 omues
226 837 356 906 codices
384 837 470 903 inter
497 859 531 902 se
562 837 766 904 consentiunt
789 861 895 927 neque
919 836 1053 903 credere
1073 835 1149 902 licet
1171 822 1252 902 cum·

96 959 281 1016 mentatorcs
308 955 438 1013 veteres
464 945 497 1011 in
525 945 616 1012 libris
644 946 761 1034 quibus
795 948 846 1012 usi
875 957 950 1013 sunt
978 945 1041 1012 alia
1068 955 1166 1034 atque
1192 969 1251 1013 nos

26 1049 27 1124 l
97 1059 256 1145 reperisse.
313 1058 410 1124 Ponit
448 1067 555 1123 autem
596 1055 825 1144 Schweglerus
869 1080 928 1145 pro
968 1050 1057 1123 iilic
1094 1058 1252 1122 vocabulo

26 1221 27 1228 ,
96 1160 202 1248 adata,
226 1169 344 1258 quibus
367 1191 419 1234 rea
441 1189 551 1234 omnes
576 1190 660 1255 quae
684 1169 767 1232 hanc
790 1189 897 1232 rernm
914 1169 1158 1234 universitatem
1182 1190 1254 1233 cou-

95 1279 196 1347 ficiant
217 1279 287 1344 vult
309 1275 499 1364 significari.
544 1278 610 1345 Sed
638 1300 680 1344 ue
702 1287 772 1342 tum
797 1277 928 1365 quidem
951 1277 1096 1366 intellegi
1119 1288 1254 1366 possunt

26 1433 27 1462 2
96 1411 140 1454 rea
165 1411 204 1456 ex
237 1389 354 1477 quibus
384 1387 523 1454 mundus
553 1397 690 1454 constat.
736 1386 909 1467 Quomodo
936 1390 1020 1454 enirn
1050 1392 1121 1478 quis
1145 1388 1253 1454 dicere

26 1505 27 1510 ’
96 1509 205 1586 potest:
231 1499 297 1585 „uti
310 1499 345 1564 iu
363 1499 458 1565 domo
480 1500 501 1564 ii
518 1522 537 1564 c
552 1498 670 1586 quibua
687 1509 823 1581 constat,
846 1499 892 1564 sic
915 1499 1012 1564 etiam
1034 1521 1087 1564 res
1109 1499 1254 1588 reliquae

95 1631 125 1672 ae
148 1609 299 1688 habeut“‚
329 1610 357 1674 si
380 1633 433 1676 res
456 1611 564 1678 dicere
588 1609 657 1676 vult
680 1631 764 1697 quac
787 1610 872 1674 hunc
902 1609 1056 1676 muudum
1086 1609 1253 1676 elficiuat‘i

26 1807 27 1810 Ἴ
95 1717 202 1807 Neque
226 1721 287 1785 hac
308 1721 379 1785 sola
401 1721 579 1787 mutatione
603 1743 684 1808 opus
717 1731 766 1786 est
787 1719 1007 1808 Schwcglero.
1055 1719 1145 1786 Vidit
1167 1721 1252 1786 euim

26 1859 27 1868 ι
95 1828 214 1896 obstare
235 1830 495 1918 interpretationi
518 1853 597 1896 suae
620 1831 846 1896 enunciatnm:
878 1829 964 1918 λέγω
987 1825 1022 1898 d’
1048 1821 1121 1897 olon
1144 1825 1194 1910 εἴς
1216 1855 1254 1913 γε

93 1937 126 2004 sd
147 1941 369 2028 διακριθῆναι
398 1935 526 2029 ἀνάγκη
554 1937 686 2009 ἅπασιν
714 1939 845 2022 ἐλθεῖν,
876 1943 903 2007 si
934 1965 1007 2008 eum
1039 1965 1134 2032 quem
1167 1965 1253 2009 nunc

94 2050 188 2116 locum
212 2051 346 2133 obtinet,
370 2053 524 2140 quocirca
540 2053 724 2138 transponit
739 2063 812 2141 post
827 2052 946 2119 verba:
969 2053 1026 2120 καὶ
1044 2045 1131 2120 data
1147 2050 1254 2132 οὕτως

26 2253 27 2256 ¹
95 2157 174 2228 lusia
201 2151 248 2228 ιιῖι
275 2167 430 2230 κοινωνεῖ
456 2160 592 2230 ἅπαντα
615 2157 664 2241 εἷς
685 2162 724 2230 τὸ
748 2161 840 2230 iiior.
887 2163 993 2244 Quam
1015 2165 1249 2248 traiectionem,

26 2259 28 2314 l
95 2275 233 2360 quamvis
268 2285 380 2340 contra
412 2297 525 2341 omncs
559 2275 689 2341 codices
717 2286 750 2341 et
777 2287 1069 2342 commentatorum
1105 2285 1251 2342 veterum

95 2383 366 2475 interpretationes
379 2386 431 2469 sit,
455 2395 563 2452 tamen
581 2385 678 2452 facilc
694 2381 902 2453 concedimus
918 2385 1138 2473 Schweglero,
1159 2387 1253 2454 modo

95 2493 147 2562 ista
166 2497 290 2563 ratione
312 2497 403 2562 locus
425 2505 501 2584 apte
516 2497 710 2584 explicetur.
744 2497 952 2585 Inquiramus
968 2497 1067 2583 igitur
1082 2497 1114 2564 in
1130 2509 1255 2588 seuten-

26 2609 28 2636 '
95 2607 161 2672 tiam
192 2629 292 2695 quae,
321 2605 565 2693 Schweglerum
597 2609 622 2672 si
653 2607 834 2694 sequimur,
869 2607 1008 2675 exsistit
1053 2609 1114 2676 Est
1145 2621 1252 2678 autem

98 2715 180 2784 baec:
210 2716 493 2797 Quemadmodum
523 2718 556 2782 iu
585 2715 709 2783 familia
736 2717 848 2784 vanae
871 2718 940 2784 eius
970 2729 1080 2806 partes
1100 2719 1190 2786 varie
1212 2721 1253 2788 ad

26 2841 28 2880 ὲ
97 2828 223 2896 salutem
238 2851 442 2895 communem
455 2828 635 2910 conferunt,
651 2827 700 2892 sic
711 2829 809 2895 etiam
826 2828 858 2893 iu
873 2831 936 2895 boc
951 2829 1070 2896 mundo
1082 2851 1253 2898 aesomnes

96 2938 169 3006 inter
198 2963 234 3004 se
262 2938 452 3004 coniunctae
481 2947 571 3020 sunt,
601 2951 637 3005 nt
665 2939 750 3006 hanc
778 2962 886 3008 rerum
915 2939 1157 3009 universitatem
1187 2941 1254 3008 elii·

97 3047 172 3116 dant
194 3047 226 3116 el
249 3059 453 3116 conservent.
490 3047 637 3116 Necesse
660 3051 747 3117 enim
772 3063 821 3118 est
849 3073 960 3118 omnes
982 3050 1066 3117 inter
1089 3074 1123 3116 se
1146 3073 1253 3138 segre·

26 3189 27 3256 p
96 3171 203 3245 genter
231 3171 265 3226 et
291 3161 513 3248 disponantur.
556 3159 648 3248 (Ipse
675 3160 709 3226 in
733 3162 964 3228 commentario
992 3161 1052 3227 ait:
1087 3184 1142 3247 „ea
1164 3187 1252 3230 mass

26 3299 27 3362 q
98 3269 167 3336 alles
182 3295 240 3337 aur
255 3269 452 3357 Souderuug
468 3269 536 3336 und
555 3269 762 3359 Gliederung
783 3273 983 3358 kommen“).
1018 3273 1098 3350 lam,
1122 3295 1252 3360 quaeso,

97 3403 247 3468 quaenam
262 3392 313 3448 eat
327 3379 526 3469 comparatio
543 3381 640 3448 haec:
661 3381 941 3462 Quemadmodum
957 3387 990 3447 iu
1006 3383 1128 3450 familia
1144 3384 1253 3456 variae

26 3517 27 3566 3
98 3489 158 3558 cios
179 3503 288 3581 partes
311 3493 401 3558 varic
424 3491 465 3557 ad
488 3492 625 3559 salutem
650 3515 854 3561 communem
878 3493 1058 3577 conferunt,
1085 3496 1132 3562 sic
1155 3499 1252 3568 etiam

26 3619 27 3632 ¹
97 3597 125 3665 iu
146 3603 263 3670 mundo
286 3625 338 3669 res
361 3625 474 3670 omues
496 3603 582 3669 iuter
604 3627 639 3670 se
662 3607 856 3671 coniunctae
878 3615 962 3686 sunt,
985 3615 1020 3670 ut
1043 3605 1104 3672 boc
1127 3610 1253 3676 univer·

98 3733 160 3779 sum
189 3714 331 3781 efficiant
358 3724 390 3779 et
418 3715 635 3782 conservent?
678 3715 780 3781 Deest
814 3715 899 3781 enim
932 3713 965 3780 iu
1001 3716 1133 3804 apodosi
1164 3722 1252 3786 notio

97 3825 264 3907 sanctatis,
280 3835 379 3912 atque
396 3824 437 3890 ob
454 3825 538 3891 hanc
552 3849 683 3892 causam
700 3827 880 3893 sentcntiae
894 3826 979 3892 iuter
994 3849 1029 3892 se
1045 3851 1108 3893 non
1124 3853 1253 3918 respon·
1313 3821 1321 3828 ’

97 3928 177 4000 deut.
221 3935 373 4002 Proiecto
410 3937 686 4022 comparationem
720 3947 889 4027 tantopere
923 3938 1159 4006 claudicantem
1182 3943 1254 4008 Ari·

98 4046 195 4112 stoteli
220 4045 347 4112 crimini
369 4045 447 4112 dare
469 4068 533 4112 uon
557 4069 738 4136 possumus.
784 4049 900 4138 Neque
923 4047 1028 4115 urinas
1051 4049 1253 4140 improbatur

98 4153 171 4220 ratio
199 4179 284 4245 quae
311 4158 499 4224 enunciata:
531 4155 616 4245 λέγω
645 4153 678 4226 d'
709 4151 782 4228 olon
811 4155 860 4240 εἴς
891 4184 929 4245 ys
959 4158 998 4226 τὸ
1027 4161 1249 4252 διακριθῆναι

99 4255 214 4354 ἀνάγκη
242 4263 373 4335 ἅπασιν
396 4263 512 4336 ἐλθεῖν
539 4269 571 4336 iu
603 4293 641 4336 eo
672 4293 766 4358 quem
796 4271 909 4338 tribuit
931 4271 1158 4360 Sclrweglerus
1180 4275 1252 4340 loco

99 4395 163 4442 cum
185 4378 347 4467 prioribus
370 4378 551 4446 intercedit
586 4381 715 4448 Etenim
741 4405 811 4448 cum
835 4381 868 4448 iu
891 4383 1123 4452 sententiarum
1139 4388 1252 4454 cobae-

99 4487 192 4556 reutia
216 4513 313 4580 quam
337 4488 565 4581 Sclrweglerus
587 4494 699 4560 statuit
721 4491 807 4582 λέγω
823 4487 858 4562 d'
876 4483 951 4564 olor
966 4495 1102 4564 lormula
1124 4497 1251 4586 siguum
