2966 5072
820 534 862 596 40

330 685 430 768 igitur
451 688 485 755 in
506 689 627 774 talibus
650 693 820 762 timoribus
842 703 900 764 aut
922 697 1047 764 fiduciis
1062 696 1125 762 dici
1139 716 1236 782 posse
1248 702 1358 762 censet
1421 689 1428 700 '

333 810 401 856 esse
423 791 652 861 fortitudinem.
697 800 742 865 At
763 821 803 866 ne
823 803 858 868 in
880 801 1002 868 talibus
1032 800 1174 884 quidem,
1209 799 1299 866 velut
1328 800 1357 864 si

214 937 218 946 ·
334 897 404 979 quis
427 919 492 966 non
513 905 638 967 metuat
658 905 803 972 tonitrua
825 913 882 973 aut
904 906 1039 972 fulmina
1068 909 1129 970 aut·
1154 903 1242 972 aliud
1265 902 1357 987 quid·

287 1065 290 1070 .
331 1002 419 1084 piam
440 1023 547 1070 rerum
570 1027 689 1088 earum,
714 1029 796 1092 quae
817 1009 1000 1076 hominibus
1022 1013 1180 1074 terrorem
1201 1007 1357 1094 injiciant,

332 1127 413 1188 quas
435 1108 579 1190 quinon
599 1117 732 1194 metuat,
755 1134 819 1180 non
840 1114 956 1180 fortem
980 1133 1053 1178 eum
1075 1131 1146 1178 esse
1168 1110 1225 1176 sed
1240 1109 1358 1176 fruien·

333 1215 409 1274 tem.
453 1211 492 1278 In
520 1213 690 1280 timoribus
720 1216 831 1302 itaque
860 1224 892 1284 et
921 1216 1063 1296 fidurfis,
1097 1235 1181 1299 quae
1214 1212 1359 1281 homines
1423 1257 1426 1262 -

333 1315 509 1399 attingant,
532 1317 648 1384 fortem
671 1322 758 1386 cerni
779 1343 889 1406 posse,
912 1321 949 1388 in.
968 1320 1071 1404 iisque
1093 1319 1246 1400 maxime,
1274 1337 1359 1402 quae
1417 1389 1421 1397 ,

333 1423 389 1483 aut
411 1439 522 1486 omnes
545 1427 602 1486 aut
619 1420 765 1508 plerique
779 1430 936 1505 metuant,
958 1421 1124 1506 inquibus
1143 1422 1199 1506 qui
1217 1422 1359 1488 animum

331 1542 396 1588 non
418 1523 568 1609 abjiciat,
592 1546 664 1592 eum
685 1517 801 1594 fortem
823 1547 903 1594 esse.
946 1525 1006 1592 His
1033 1529 1101 1613 jam
1123 1524 1262 1590 definitis
1284 1544 1358 1590 eon·

314 1624 538 1722 *siderandum
567 1650 639 1696 esse
664 1639 789 1713 censet,
824 1632 976 1717 quoniam
1009 1629 1230 1714 multipliciter
1259 1627 1360 1696 fortes

332 1730 494 1812 dicantur,
529 1734 634 1817 qualis
665 1736 707 1801 sit
729 1735 835 1802 fortis.
879 1737 959 1802 Esse
982 1735 1066 1802 enim
1096 1740 1232 1818 propter
1264 1752 1358 1817 expe·

332 1834 482 1900 rientiam
503 1835 619 1902 fortem
641 1837 793 1923 aliquem,
824 1839 911 1906 velut
931 1837 1060 1906 milites.
1104 1837 1174 1904 Hos
1196 1837 1281 1902 enim
1305 1856 1359 1902 ex·

333 1940 492 2023 perientia
513 1940 625 2009 doctos
647 1944 729 2008 scire
751 1945 785 2008 in
807 1943 867 2010 tali
889 1949 947 2012 aut
968 1941 1045 2010 loco
1064 1945 1122 2009 aut
1134 1946 1279 2026 tempore
1301 1944 1360 2006 aut

333 2045 514 2111 conditione
544 2047 674 2112 minime
703 2069 773 2114 esse
803 2048 937 2133 periculi
971 2046 1155 2133 quidquam.
1209 2044 1272 2112 Sed
1299 2043 1360 2110 tali

333 2147 508 2214 instructus
530 2150 665 2215 scientia
687 2152 743 2235 qui
752 2151 862 2218 hostes
885 2152 1052 2231 sustineat,
1076 2170 1149 2216 eum
1164 2147 1360 2214 confortem

333 2272 418 2332 esse,
441 2229 534 2335 quia',
557 2253 585 2317 si
606 2252 687 2318 nihil
709 2275 821 2322 earum
841 2277 950 2322 rerum
972 2255 1075 2335 adsit,
1103 2272 1168 2318 non
1190 2251 1358 2318 sustineat.

331 2354 446 2437 Itaque
476 2375 558 2439 quos
587 2358 786 2440 experientia
816 2359 918 2426 fortes
948 2356 1142 2438 reddiderit,
1173 2375 1229 2422 eos
1257 2353 1360 2422 fortes

333 2458 484 2526 dicendos
506 2480 571 2525 non
591 2481 671 2527 esse.
715 2463 826 2548 Neque
841 2463 1005 2530 Socratem
1025 2465 1113 2529 recte
1137 2458 1360 2526 fortitudinem

334 2563 501 2628 scientiam
523 2563 646 2646 dicere,
669 2566 783 2632 scienti
856 2568 942 2632 enim
963 2585 1003 2632 ex
1019 2563 1249 2630 consuetudine
1265 2583 1359 2645 expe-

333 2667 482 2732 rientram
505 2667 685 2752 capientem
707 2672 874 2738 scientiam
897 2669 995 2751 effici;
1017 2668 1073 2753 qui
1094 2672 1203 2735 autem
1224 2673 1360 2752 propter

333 2771 564 2854 experientiam
600 2773 709 2840 hostes
751 2776 948 2856 sustineant,
989 2793 1044 2840 ecs
1082 2792 1187 2858 neque
1218 2792 1239 2837 a
1267 2769 1360 2840 nobis

334 2874 522 2959 diuinaque
552 2876 594 2941 ab
615 2876 681 2943 ullo
704 2877 825 2944 dictum
853 2878 894 2944 iri
917 2896 987 2942 esse
1008 2875 1119 2942 fortes.
1161 2875 1234 2942 Non
1259 2874 1360 2957 igitur

334 2980 557 3047 fortitudinem
579 2981 746 3048 seientiam
762 3002 841 3048 esse.
885 2983 1009 3046 Rursus
1024 2999 1095 3046 esso
1110 2977 1211 3045 fortes
1234 2976 1360 3062 aliquos

335 3104 374 3150 ex
397 3105 451 3166 ec,
474 3083 560 3168 quod
583 3087 800 3170 experientiae
816 3084 1013 3152 contrarium
1028 3084 1080 3164 sit,
1102 3079 1164 3148 hoo
1178 3084 1239 3164 est,
1262 3101 1360 3166 prop·

333 3195 385 3256 ter
406 3189 607 3257 inscientiam
628 3190 678 3257 vel
699 3192 902 3276 imperitiam.
945 3189 1029 3254 Nam
1051 3188 1116 3272 qui,
1139 3208 1223 3273 quae
1238 3189 1360 3275 impen-

336 3294 443 3376 deant,
466 3316 531 3362 non
551 3294 770 3378 praevideant,
794 3315 849 3361 eos
870 3298 1004 3379 propter
1019 3291 1235 3376 ignorantiam
1249 3312 1361 3360 earum

333 3422 459 3481 rerum,
484 3421 567 3485 quae
589 3405 819 3466 consecuturae
841 3399 915 3479 sint,
938 3398 972 3463 in
992 3384 1160 3463 metu'non
1175 3415 1255 3462 esse.
1299 3395 1360 3462 Ve-

333 3527 406 3570 rum
428 3526 469 3570 ne
489 3503 547 3571 hos
571 3505 700 3590 quidem
725 3504 827 3572 fortes
853 3501 1004 3570 dicendos
1034 3520 1114 3566 esse.
1165 3499 1247 3567 Esse
1266 3498 1360 3584 alios,

335 3609 390 3694 qui
432 3609 533 3676 fortes
572 3608 754 3677 habeantur
785 3611 919 3694 propter
951 3602 1231 3691 perturbationes,
1271 3602 1371 3672 velut·

333 3720 478 3781 amantes
500 3719 533 3781 et
555 3713 654 3781 animi
677 3712 792 3780 ardore
823 3710 961 3797 quodam
990 3715 1047 3778 aut
1075 3716 1170 3778 aestu
1197 3709 1359 3778 incitatos.
1387 3767 1393 3778 ,

333 3821 377 3886 At
398 3842 439 3887 ne
460 3819 520 3886 hos
543 3819 671 3904 quidem
692 3816 793 3883 fortes
816 3814 880 3880 dici
902 3815 1035 3897 debere,
1058 3814 1227 3900 quoniam,
1257 3814 1286 3881 si
1306 3835 1359 3882 eo-

332 3945 405 3992 rum
426 3923 686 4008 perturbationes
709 3918 858 3986 sublatae
876 3920 951 4002 sint,
979 3919 1080 3989 fortes
1103 3943 1174 3990 esse
1199 3922 1357 4005 desinant.

332 4030 464 4096 Fortem
484 4035 593 4108 autem
615 4031 770 4112 perpetuo
791 4025 907 4092 fortem
930 4045 1001 4100 esse
1029 4033 1179 4110 oportere
1201 4019 1267 4094 nec¹
1281 4048 1356 4094 uero

332 4141 466 4220 propter
485 4133 762 4219 perturbationem
782 4130 932 4215 aliquam.
979 4131 1085 4210 Quare
1107 4152 1166 4196 nec
1192 4130 1293 4212 ferae,
1324 4138 1360 4197 ut

335 4259 428 4320 sues,
459 4237 559 4306 fortes
580 4238 750 4323 quisquam
774 4235 908 4318 dixerit,
941 4236 1019 4321 quia
1050 4252 1111 4322 pro
1136 4255 1175 4304 se
1190 4235 1359 4318 'dimicant
