2966 5072
787 412 827 474 56

297 575 453 660 quaedam
486 576 663 661 disputavit
691 578 732 646 de
754 577 884 664 *Magnis
906 577 1082 646 Moralibus
1100 578 1174 662 ¹²4),
1202 578 1238 642 in
1266 575 1330 642 bac

297 684 406 744 tamen
426 699 462 745 re
484 679 588 746 minus
610 686 698 747 recte
711 683 874 770 judicavit.
919 682 1030 768 Neque
1042 681 1126 749 enim
1138 685 1223 761 sunt,
1245 699 1330 764 quae

300 788 351 850 est
383 785 542 850 sententia
582 785 791 867 Ramsaucri,
830 785 950 871 Magna
986 784 1124 853 Moralia
1153 785 1330 852 semmdum

299 888 483 954 Aristotelis
505 887 628 973 placita
657 912 697 958 ex
718 891 841 958 Ethiois
862 890 1081 959 Nicomacheis
1110 897 1143 959 et
1163 890 1329 960 Eudemiis

300 992 408 1077 paullo
428 993 560 1060 liberius
583 993 737 1076 confecta,
760 995 818 1062 sed
838 995 878 1062 iis
900 995 1012 1079 priora
1032 1000 1109 1062 sunt
1127 1001 1160 1062 et
1175 995 1331 1080 peculiari

299 1095 477 1164 disserendi
498 1097 602 1164 forma
623 1097 871 1183 descriptionem
893 1098 1055 1183 quandam
1075 1097 1198 1166 habent
1220 1117 1332 1164 earum

238 1275 244 1280 ,
298 1221 424 1281 rerum,
448 1221 528 1284 quas
550 1221 625 1266 mox
646 1201 835 1268 Aristoteles
858 1203 1018 1286 copiosius
1041 1201 1236 1286 disputando
1257 1221 1331 1286 per·

302 1325 438 1388 sequens
459 1303 562 1372 multa
581 1304 692 1370 multis
713 1304 793 1372 locis
815 1307 967 1390 mutavit,
990 1307 1156 1387 convertit,
1179 1303 1330 1384 correxit,

301 1409 492 1474 retractavit
513 1413 546 1474 et
567 1409 679 1475 refecit
700 1410 767 1490 ita,
801 1415 839 1476 ut
868 1410 1041 1478 admodum
1068 1411 1154 1476 inter
1180 1430 1216 1476 se
1238 1408 1332 1475 dissi·

301 1511 391 1578 milia
411 1513 477 1578 ista
498 1533 597 1596 opera
618 1533 688 1578 esse
710 1512 902 1596 videantur,
930 1514 1017 1598 quod
1038 1514 1115 1599 quia
1136 1513 1244 1580 nescio
1267 1531 1333 1596 qua

302 1621 423 1682 temere
454 1620 607 1700 concepta
645 1616 793 1700 opinione
833 1623 939 1696 motus
969 1618 1186 1684 Ramsauerus
1223 1616 1332 1682 videre

303 1719 396 1803 qnasi
417 1717 531 1800 noluit,
552 1724 587 1785 in
609 1740 735 1786 errores
758 1741 793 1788 se
815 1721 922 1788 dolabi
936 1741 1052 1806 passus
1070 1726 1130 1788 est.
1175 1719 1334 1800 Quienim
1363 1807 1366 1812 Ι

303 1823 374 1890 fieri
395 1824 570 1908 potuisset,
593 1827 644 1905 ut,
678 1823 815 1908 quitali
837 1831 908 1890 erat
929 1825 1106 1891 instructus
1136 1825 1217 1891 artis
1240 1822 1334 1909 syllo-

304 1928 438 2012 gisticae
459 1950 531 2009 usu,
554 1926 682 2012 qualem
695 1928 744 1994 vir
761 1927 965 1994 doctissimus
981 1929 1133 2012 scriptori
1143 1927 1334 2012 Magnorum

303 2031 475 2100 Moralium
497 2031 669 2098 concedere
691 2051 756 2096 non
781 2030 924 2114 dubitat,
941 2033 984 2120 ,is
1013 2037 1122 2118 tamen
1150 2030 1253 2096 multa
1281 2029 1334 2095 de·

306 2136 470 2216 formaret,
494 2135 718 2218 detorqueret,
742 2133 947 2218 obscuraret,
970 2140 1213 2220 corrumperet,
1238 2133 1333 2200 modo

307 2242 341 2306 in
362 2239 460 2306 breve
481 2242 623 2322 cogeret,
653 2242 724 2302 tum
746 2237 910 2321 ddataret‚
932 2245 1076 2321 novaret,
1099 2239 1127 2304 si
1150 2239 1179 2303 ei
1200 2242 1333 2322 praesto

307 2345 443 2412 fuissent
465 2349 633 2426 tamquam
654 2362 768 2408 norma
791 2343 967 2428 quaedam,
994 2365 1060 2430 qua
1083 2342 1335 2427 disputationem

308 2469 399 2516 suam
422 2448 593 2532 dirigeret,
615 2446 732 2541 Ethica
752 2448 966 2516 Nicomachea
988 2455 1025 2518 et
1043 2447 1221 2515 Eudemia?
1244 2445 1334 2524 Quae

310 2554 431 2635 omnia,
454 2556 600 2618 nostram
623 2553 817 2620 sententiam
839 2554 867 2620 si
889 2543 1158 2639 aquiminensis,
1184 2551 1267 2626 satis
1288 2550 1334 2618 fa·

310 2657 402 2726 cilem
425 2655 669 2741 explicationem
689 2656 836 2723 invenire
852 2662 1015 2742 poterunt,
1062 2655 1124 2726 Sed
1136 2656 1249 2724 redeat
1264 2673 1335 2723 ora·

309 2763 371 2844 tio,
393 2760 480 2832 unde
501 2759 654 2844 degressa
677 2765 735 2827 est.
789 2760 1063 2839 Quemadmodum
1092 2763 1192 2847 igitur
1213 2762 1335 2828 Aristo·

307 2865 390 2934 teles
411 2863 543 2930 disserit
564 2861 753 2930 inPolitiois
777 2864 817 2929 de
839 2865 936 2931 variis
951 2865 1132 2948 imperandi
1150 2865 1335 2948 generibus,

311 2970 421 3039 eodem
443 2966 539 3034 modo
562 2966 716 3032 credibile
739 2972 789 3034 est
811 2988 884 3035 eum
907 2968 1089 3052 disputasse
1112 2967 1264 3035 derebus
1283 2968 1338 3034 iis·

311 3074 384 3141 dem
405 3074 439 3139 in
461 3069 585 3136 Ethicis
607 3069 750 3155 Magum,
785 3077 819 3138 et
848 3073 929 3140 satis
961 3071 1122 3156 probabili
1153 3074 1338 3156 conjectura

389 3320 497 3398 124)1'n
521 3329 679 3381 &secretione
708 3329 880 3394 programmatis
910 3327 1020 3394 gymnmli
1043 3327 1250 3391 oldenburgcnsis,
1281 3339 1340 3392 quae

313 3421 456 3472 inscribitur:
489 3418 542 3470 Zur
571 3419 770 3471 Cbnrndtcrisb'k
801 3419 846 3468 der
871 3417 1070 3469 aristotelisclren
1096 3415 1193 3486 Mapnn
1219 3415 1339 3468 Marulla.

313 3511 466 3574 Oldcnburgi‚
487 3509 565 3561 1858.
602 3511 674 3568 Quam
692 3508 872 3559 dissertationem
892 3507 955 3557 valde
966 3507 1033 3557 doleo
1049 3517 1098 3558 tum
1111 3497 1244 3558 demum'in
1259 3520 1340 3558 manua

309 3616 376 3652 mens
394 3599 498 3660 venisse,
526 3592 597 3664 quum
612 3606 691 3648 nostru
713 3597 810 3648 maxima
834 3611 861 3646 cx
885 3602 949 3660 pure
971 3609 1046 3658 paena
1069 3598 1170 3652 aaran
1194 3603 1251 3654 crat.
1295 3595 1340 3646 Sed

314 3697 402 3742 tantum
420 3690 498 3750 abest,
522 3695 548 3738 ut
565 3687 634 3738 ullum
658 3699 750 3736 causam
767 3685 891 3747 repererim
915 3685 1053 3753 sententium
1075 3701 1150 3736 meam
1174 3685 1291 3749 prendi,
1314 3693 1341 3736 nt

225 3822 230 3839 ,
316 3795 365 3830 cnm
390 3777 521 3828 Ramsaueri
551 3775 700 3839 disputatione
731 3773 802 3836 magis
826 3773 893 3824 etiem
924 3774 1220 3840 adJuvari=conllrmarique
1244 3775 1340 3825 credam.

316 3870 377 3922 ddco
396 3869 456 3918 enim
474 3867 545 3916 multa
561 3865 672 3928 indagavit
696 3862 730 3912 vir
754 3863 897 3913 doctissimus
918 3847 1050 3926 Magnorum
1068 3865 1185 3915 Moralium
1210 3863 1301 3929 propria
1319 3871 1341 3913 et

316 3977 329 4010 e
347 3921 463 4010 assueti
472 3954 597 4007 Aristotelis
615 3951 845 4003 disserendiratione
863 3953 965 4016 diversa,
989 3961 1089 4020 ursone
1106 3953 1203 4016 mirere,
1229 3953 1342 4024 quomodo

316 4063 363 4099 non
388 4044 583 4103 animadrurem't,
607 4043 667 4094 aliud
691 4043 714 4092 in
733 4041 817 4103 Magnis
835 4041 957 4094 llorullbos
981 4043 1117 4108 philosopho
1137 4043 1266 4107 dimicandi
1286 4053 1342 4092 ron-

217 4202 233 4214 „
317 4139 390 4190 silium
410 4136 552 4204 propositum
571 4131 647 4183 [dae.
659 4177 673 4190 ,
914 4155 917 4164 ·
1303 4141 1310 4169 ι
