2870 5076
691 437 898 502 ..12-

217 609 352 674 formam
363 610 394 691 ¹),
417 608 477 704 nisi
499 609 578 674 velis
602 611 737 675 formam
760 607 942 694 significare
964 607 1010 673 roi
1033 615 1192 689 naturam,
1217 612 1361 695 quatenus

219 718 251 784 in
281 741 316 784 re
346 720 415 807 ipsa
445 720 535 803 insit,
564 720 722 785 obiective
753 719 838 806 quod
869 729 1001 799 vocant,
1033 728 1191 804 quatenus
1221 740 1239 782 a
1266 722 1361 780 mente

220 829 387 916 cogitetur,
417 830 594 895 subiective
624 830 709 919 quod
740 829 887 912 dicimus,
914 829 1088 896 notionem.
1133 829 1250 914 Itaque
1278 845 1363 909 causa

219 940 361 1005 formalis
389 963 405 1004 e
432 963 530 1006 causa
558 939 645 1006 finali
675 963 806 1028 prorsus
837 950 915 1028 apta
941 963 980 1005 ac
1007 961 1163 1026 suspensa
1193 946 1259 1018 cst,
1288 931 1364 1022 quod
1424 963 1425 998 ι

220 1049 359 1114 maximo
382 1051 615 1137 cognoscimus,
639 1052 665 1116 si
688 1051 846 1136 ciuusurei
869 1051 1031 1118 notionum
1052 1050 1092 1114 ab
1109 1045 1282 1125 Aristotele
1303 1045 1364 1130 ipso
1424 1057 1425 1120 g

219 1160 415 1248 propositam
437 1159 686 1227 consideramus.
720 1161 830 1226 Veluti
842 1159 867 1246 ²)
890 1159 1017 1226 domum
1034 1160 1146 1227 definit
1159 1159 1215 1239 itu,
1239 1165 1277 1222 ut
1289 1163 1366 1239 togu·
1424 1159 1425 1208 ἶ

221 1278 364 1338 mentum
389 1272 439 1354 sit,
463 1269 549 1359 quod
572 1295 631 1338 nos
647 1271 780 1337 aventis
804 1280 836 1337 st
857 1270 1012 1338 imbribus
1033 1280 1132 1358 atque
1147 1267 1289 1334 aestibus
1309 1273 1366 1330 tus-

221 1391 303 1465 atur‚
328 1403 424 1468 quam
446 1381 608 1448 notionem
630 1405 694 1448 non
717 1383 813 1462 modo
837 1382 1001 1449 continere
1018 1381 1126 1464 finem,
1150 1374 1365 1445 verumetiam

221 1515 258 1558 eo
283 1492 489 1558 constitutam
512 1515 583 1558 osse
606 1502 749 1581 apparet.
793 1491 969 1560 Praeterea
996 1501 1103 1559 autem
1132 1491 1238 1564 forma
1260 1488 1285 1554 si
1307 1506 1367 1572 per·

221 1604 307 1668 fecta
329 1612 362 1668 et
383 1602 529 1670 absoluto
558 1612 621 1686 est,
649 1603 745 1681 etiam
775 1628 855 1692 opus
880 1605 953 1670 sive
981 1603 1053 1668 finis
1083 1601 1175 1667 adest
1205 1608 1262 1666 aut
1292 1604 1368 1661 corte

221 1714 356 1780 facultas
380 1714 486 1801 operis
510 1714 721 1802 exsequendi.
767 1715 822 1781 Sic
845 1715 928 1782 oculi
951 1713 977 1780 si
1000 1711 1136 1802 perfecti
1160 1720 1247 1792 sunt,
1269 1706 1369 1773 vident

222 1832 277 1888 aut
299 1833 385 1890 certe
408 1835 543 1912 possunt
565 1825 691 1909 videre,
723 1825 835 1891 dentes
856 1825 911 1892 ubi
934 1825 1009 1891 facti
1032 1833 1122 1906 sunt,
1143 1821 1302 1888 mandunt
1322 1823 1369 1880 aut

222 1943 308 2000 certe
331 1935 466 2002 facultas
489 1935 662 2003 mandendi
685 1935 836 2024 suppetit.
871 1935 943 2016 Quo
965 1935 1011 2017 fit,
1035 1943 1071 2000 ut
1089 1933 1192 2001 omnis
1214 1932 1249 1997 in
1270 1949 1369 1996 rorum

221 2055 338 2110 natura
368 2055 456 2112 ortus
485 2046 526 2112 ad
555 2047 691 2113 formam
718 2056 815 2133 atque
846 2047 1055 2113 substantiam
1084 2044 1212 2125 tendat,
1245 2063 1317 2108 cum
1338 2059 1370 2102 ss

223 2155 371 2222 absoluto
398 2156 495 2222 otiam
530 2156 602 2223 finis
635 2181 670 2224 re
691 2159 883 2243 =oxsistat⁸).
927 2155 1044 2245 Itaque
1079 2177 1176 2220 causa
1210 2151 1314 2218 finalis
1345 2157 1371 2211 st
1425 2159 1426 2204 1

224 2288 319 2330 causo
341 2267 483 2332 formalis
506 2268 547 2333 ad
568 2268 654 2336 idom
676 2272 745 2336 iore
767 2267 947 2355 redonnu).

309 2375 367 2442 Sin
401 2388 509 2445 autem
541 2380 644 2445 forma
672 2389 720 2446 cst
748 2379 789 2446 ad
818 2403 915 2467 quam
945 2386 1035 2446 ortus
1061 2375 1183 2458 tendit,
1211 2383 1248 2440 ut
1277 2370 1371 2440 omnis

223 2485 323 2551 fiundi
351 2487 542 2578 oriundique
572 2489 652 2558 ratio
682 2515 724 2557 cx
751 2515 790 2558 ea
821 2491 961 2578 pendeat
991 2488 1136 2557 efficitur.
1181 2485 1271 2553 Talis
1295 2483 1370 2549 enim

222 2597 377 2665 formant
392 2600 526 2666 exsistat
547 2623 678 2668 neccsse
702 2611 758 2685 est,
782 2625 878 2692 quom
894 2602 935 2667 ob
952 2623 1082 2666 causam
1101 2606 1190 2664 ortus
1206 2615 1372 2682 omnesque

225 2709 292 2774 eius
319 2709 440 2796 gradus
470 2711 642 2780 secundum
677 2735 748 2780 eam
775 2721 850 2779 sunt
879 2709 1077 2779 instituendi.
1119 2710 1235 2796 Itaque
1269 2703 1373 2795 princi-

226 2819 313 2907 pium
336 2821 461 2887 oriundi
485 2823 588 2888 estid
611 2825 696 2911 quod
720 2823 790 2906 orit,
813 2847 877 2888 non
900 2822 933 2888 id
956 2822 1041 2910 quod
1070 2819 1164 2905 cst⁶),
1194 2842 1271 2884 nam
1294 2824 1373 2884 ortus

231 2987 423 2996 ..w-..n—--n--u-

300 3083 317 3147 ¹)
337 3084 376 3134 De
395 3099 437 3135 sn.
456 3083 478 3147 1,
500 3086 523 3133 1.
542 3083 624 3134 4931)
639 3088 669 3134 2:
686 3077 700 3136 ό
719 3079 845 3152 μὲνγὰρ
864 3077 946 3150 λόγος
963 3079 1037 3140 ελόος
1054 3082 1103 3133 τοῦ
1122 3077 1294 3150 πράγματος.

299 3171 662 3237 ρ)1)οτιττ.Ι,1.·4091)1.

299 3258 318 3323 ³)
337 3259 419 3327 Pbys.
438 3259 472 3323 11,
495 3264 516 3310 1.
538 3260 617 3312 1931)
633 3264 679 3310 12:
704 3258 742 3311 ἔτι
761 3255 788 3308 δ’
809 3255 825 3323 ἡ
844 3253 928 3327 φύσις
945 3254 961 3325 ἡ
981 3258 1115 3328 λεγομένη
1134 3253 1169 3313 ὥς
1191 3258 1299 3324 γένεσις
1315 3245 1375 3308 όόός

226 3347 301 3401 ἐστιν
318 3351 355 3406 εἰς
374 3343 469 3417 φύσιν.
490 3386 494 3397 .
515 3389 522 3403 .
541 3386 547 3400 .
567 3343 583 3412 ἡ
602 3339 656 3414 όὶρα
674 3342 771 3414 μορφὴ
790 3341 882 3418 φύσις,
902 3346 961 3398 coll.
974 3345 1053 3397 Polit.
1067 3344 1089 3408 1,
1103 3349 1127 3396 2.
1144 3349 1210 3397 1252
1223 3346 1241 3398 b
1255 3350 1302 3398 312
1320 3339 1375 3408 ἡόὲ

226 3431 310 3506 φύσις
328 3437 404 3493 τέλος
422 3434 504 3488 ἐστίν·
525 3417 657 3504 οἷονγόιρ
677 3428 793 3489 ἕκαστόν
806 3431 864 3485 έστι
879 3434 924 3498 τῆς
935 3435 1068 3502 γενέσεως
1085 3433 1266 3497 τελεσθείσης,
1284 3425 1376 3492 ταύτην

227 3521 388 3594 φαμὲντὴν
407 3520 494 3594 φύσιν
512 3522 581 3577 εἶναι
601 3519 726 3576 ἑκάστου.
762 3521 843 3588 Phys.
862 3521 896 3586 Π,
917 3526 942 3572 9.
962 3525 1012 3572 194
1025 3537 1041 3571 τι
1055 3523 1098 3571 28:
1122 3516 1138 3584 ἡ
1158 3518 1187 3571 δὲ
1208 3515 1291 3589 φύσις
1309 3519 1377 3572 τέλος

225 3613 273 3664 καὶ
292 3599 325 3664 οὗ
342 3612 430 3666 ἕνεκα.
1279 3657 1282 3666 ,

298 3702 319 3766 ⁴)
337 3702 400 3753 Met.
424 3702 460 3765 Η,
485 3705 510 3753 4.
539 3699 636 3753 10441)
651 3703 680 3748 1:
703 3698 769 3754 ἴσως
794 3694 825 3748 δέ
847 3697 932 3748 ταῦτα
955 3697 1002 3762 (το.
1027 3692 1057 3746 τό
1082 3691 1154 3751 ελόος
1179 3695 1227 3745 καλ
1251 3690 1280 3746 τό
1297 3691 1377 3754 τέλος)

169 3818 172 3830 .
226 3782 314 3857 τ’όμφιιι
332 3787 363 3841 τό
381 3785 458 3842 αὐτό.
494 3788 574 3855 Phys.
593 3787 629 3851 11,
649 3789 674 3837 8.
695 3786 744 3835 199
758 3800 774 3834 a
787 3788 834 3837 80:
857 3784 905 3834 καὶ
922 3781 983 3835 inst
1001 3777 1017 3847 ἡ
1036 3777 1119 3850 φύσις
1137 3777 1224 3848 διττή,
1243 3778 1260 3848 ἡ
1276 3780 1329 3852 μὲν
1347 3775 1378 3835 ὡς

228 3871 277 3941 ὕλη
296 3873 312 3941 ἡ
331 3873 359 3929 o’
379 3874 415 3935 ὠς
431 3873 544 3948 μορφή,
566 3876 642 3930 τέλος
661 3868 688 3924 δ’
710 3867 789 3936 αὕτη,
813 3872 863 3924 τοῦ
879 3872 973 3928 τέλους
992 3865 1019 3920 δ’
1041 3869 1121 3925 ἕνεκα
1140 3863 1240 3937 τᾶλλα,
1264 3865 1330 3933 αὕτη
1347 3857 1379 3919 όν

227 3969 268 4030 εἴη
285 3961 301 4031 ἡ
321 3969 394 4018 αἰτέει
413 3963 429 4032 ἡ
448 3952 481 4018 οὗ
500 3964 589 4019 ἕνεκα.
625 3961 666 4012 Ι)ο
683 3976 743 4029 gen.
762 3977 803 4012 an.
822 3961 843 4024 1,
866 3965 889 4010 1.
907 3964 922 4010 7
928 3964 957 4010 15
971 3975 987 4012 a
1000 3964 1028 4009 4:
1052 3953 1213 4011 ὑπόκεινται
1231 3957 1284 4028 γὰρ
1301 3959 1377 4009 oiston

228 4057 360 4123 τέτταρες,
377 4051 408 4107 τό
427 4071 454 4108 τε
473 4040 506 4106 οὗ
525 4052 605 4106 ἕνεκα
625 4047 660 4107 ὠς
678 4049 763 4114 τέλος,
781 4049 828 4100 καὶ
847 4044 956 4116 ὁλόγος
973 4047 1018 4113 τῆς
1037 4043 1140 4104 οὐσίας.
1159 4045 1315 4117 ταῦταμὲν
1334 4037 1380 4096 τόν

229 4140 265 4200 ὡς
288 4143 318 4197 ἓν
342 4161 366 4195 τι
391 4140 492 4211 σχεδόν
511 4138 661 4204 ὑπολαβεῖν
685 4138 735 4190 δεῖ.
771 4139 812 4188 De
829 4153 889 4204 gen.
909 4137 1071 4201 etcorr.11‚
1091 4139 1115 4187 9.
1136 4137 1187 4187 396
1200 4135 1218 4188 b
1230 4138 1261 4188 b:
1280 4129 1314 4190 ὡς
1331 4131 1379 4202 μὲν

228 4227 278 4298 ὕλη
295 4228 369 4284 τοῦτ’
390 4231 465 4284 έστλν
485 4233 572 4282 αἴτιον
590 4230 646 4284 τοῖς
665 4230 800 4294 γενητοῖς,
825 4219 861 4282 τός
879 4222 911 4276 δὲ
930 4220 959 4275 τό
980 4209 1011 4274 οὗ
1031 4223 1122 4278 ἕνεκεν
1140 4219 1156 4289 ἡ
1175 4221 1272 4293 μορφὴ
1290 4221 1335 4273 καὶ
1353 4215 1378 4271 τό

228 4318 316 4378 uiuos·
343 4321 422 4373 τοῦτο
448 4312 474 4372 δ’
498 4319 572 4372 ἐστὶν
596 4313 610 4368 ὁ
631 4310 713 4383 λόγος
736 4309 816 4379 ὁτῆς
839 4307 957 4364 ἑκάστου
977 4307 1079 4367 οὐσίας.
1116 4311 1341 4379 Dcpsrt.sn.1,
1362 4312 1380 4360 1.

230 4413 280 4462 639
294 4410 311 4461 b
327 4413 366 4459 14.

302 4499 320 4565 ⁵)
338 4499 380 4549 Dc
398 4501 463 4566 port.
483 4511 524 4544 an.
544 4493 565 4557 Ι,
586 4498 608 4544 1.
628 4495 745 4547 640113.
