2966 5072
802 509 877 570 44·

315 675 359 741 Et
381 697 576 762 quamquam
597 680 726 756 omnino
748 678 899 746 brevitati
921 669 1053 746 stirdere
1070 675 1209 758 videtur,
1232 682 1344 742 tamen

316 799 413 862 quam
435 802 531 866 saepe
552 783 587 847 in
607 781 685 850 libri
705 784 801 868 primi
819 783 926 867 eapite
942 783 1056 866 primo,
1081 802 1178 865 quum
1194 780 1234 845 de
1256 779 1344 846 bono

316 885 500 968 etquidem
522 887 615 952 nobis
637 886 808 980 bonosibi
837 887 1033 972 loquendum
1062 905 1132 950 esse
1158 885 1344 968 reperisset,

317 987 352 1053 id
373 990 480 1073 ipsum
510 990 644 1074 repetiti
683 997 716 1058 et
746 991 812 1059 alia
842 991 1014 1077 ejusmodi,
1045 988 1133 1054 velut
1161 1008 1226 1054 non
1256 992 1345 1052 reete

319 1091 484 1159 Socratem
505 1095 641 1162 virtutes
664 1098 815 1163 scientias
830 1097 937 1162 facere
951 1096 1023 1180 ¹⁰⁵),
1047 1093 1131 1179 quod
1149 1111 1346 1178 quamquam

316 1195 352 1261 in
374 1197 486 1262 'eedem
513 1219 611 1265 cause
639 1198 861 1266 demonstrare
889 1203 1041 1280 conatui,
1074 1203 1194 1264 tamen
1213 1196 1345 1262 minime

317 1299 431 1366 iisdem
460 1302 650 1369 rationibus.
693 1305 737 1370 Et
766 1305 822 1371 ubi
845 1303 885 1371 de
906 1303 980 1369 idea
1010 1301 1116 1369 dicere
1150 1301 1256 1384 eoepit
1269 1298 1344 1386 ¹⁰⁶),

319 1423 358 1468 ea
375 1424 453 1470 mox
482 1405 608 1472 reh'ota‘
627 1409 671 1474 ad
698 1407 788 1474 aliud
816 1409 953 1489 transit,
989 1428 1053 1492 quo
1087 1405 1236 1471 absoluto
1270 1407 1346 1486 post

317 1507 480 1593 longiores
513 1510 641 1578 demum
677 1513 828 1597 ambages
862 1512 905 1577 ad
937 1510 1026 1576 illam
1055 1509 1140 1574 redit
1173 1508 1277 1591 deque
1307 1525 1346 1572 ea

317 1611 435 1678 iterum
456 1616 587 1698 exponit
601 1617 676 1702 ¹⁰⁷).
695 1675 696 1680 ,
720 1616 841 1682 Verum
862 1615 961 1682 etiam
982 1613 1061 1680 alibi
1083 1618 1150 1694 est,
1179 1611 1267 1697 quod
1288 1631 1343 1678 no·

319 1717 387 1784 tori
406 1719 528 1802 possit,
561 1724 599 1785 ut
619 1720 645 1801 Ι,
670 1723 726 1802 23,
753 1725 785 1802 1,
819 1720 876 1787 ubi
898 1719 1010 1786 eodem
1030 1718 1098 1784 fere
1120 1716 1215 1782 modo
1246 1720 1345 1799 atque
1416 1775 1422 1806 ⁸

287 1913 291 1920 .
319 1823 416 1892 amet
436 1823 467 1905 1,
496 1828 531 1906 9,
567 1828 585 1890 5
608 1823 745 1890 virtutes
771 1823 961 1890 medietates
991 1821 1148 1907 quasdam
1173 1819 1347 1902 affectuum

320 1943 392 1992 osse
414 1932 534 1994 oenset.
579 1928 673 2007 Quod
693 1932 732 1994 ut
751 1949 862 1995 verum
884 1947 954 1994 osse
967 1926 1094 2010 probet,
1118 1924 1158 1990 de
1174 1923 1346 1990 medietate

319 2028 377 2096 illa
397 2050 481 2115 quae
502 2030 538 2096 iu
559 2051 597 2098 eo
619 2033 791 2113 consistat,
813 2035 850 2096 ut
871 2050 913 2095 ns
936 2029 1015 2114 quid
1035 2029 1129 2094 nimis
1152 2033 1211 2095 aut
1231 2047 1347 2112 parum

320 2133 388 2215 fiat,
412 2135 526 2218 ariique
549 2134 593 2200 ad
614 2143 703 2202 reete
725 2133 884 2220 agendum
897 2134 1071 2218 plurimum
1086 2134 1211 2214 tribuit,
1235 2131 1348 2198 eadem

320 2238 387 2304 fere
407 2243 544 2320 tractat,
566 2243 738 2324 quaejam
758 2239 865 2321 iniis,
888 2257 971 2322 quae
994 2239 1201 2317 antecedunt,
1230 2230 1350 2301 denual

321 2348 374 2407 rat
387 2341 463 2427 ¹⁰⁸),
486 2342 608 2409 scilieet
628 2354 692 2410 non
713 2348 865 2426 oportere
886 2342 985 2408 irasci
1007 2363 1108 2427 supra
1129 2341 1268 2420 modum
1291 2358 1346 2404 ue·

322 2467 386 2531 que
408 2451 521 2514 oontra
541 2449 590 2512 ita
604 2448 762 2514 ¹affeetum
785 2467 869 2530 esse,
899 2453 938 2513 ut
963 2447 997 2512 in
1024 2447 1112 2513 nulla
1137 2466 1172 2511 re
1194 2463 1347 2527 umquam

321 2550 477 2644 irascare,
509 2571 594 2616 nam·
610 2551 708 2618 talem
737 2571 864 2636 quoque
885 2550 1046 2618 hominem
1064 2554 1137 2636 jure
1157 2546 1346 2632 vituperari,

323 2657 399 2739 quie
421 2656 510 2722 nulla
530 2677 567 2721 re
587 2656 709 2723 moveri
730 2655 887 2720 videatur.
914 2658 919 2667 '

389 2759 466 2824 Pari
486 2758 581 2828 modo
604 2759 748 2826 ordinem
769 2779 878 2824 rerum
901 2755 1162 2844 explicandarum
1182 2752 1288 2820 minus
1301 2751 1349 2820 di·

326 2865 472 2951 ligenter‘
486 2872 615 2932 secutus
637 2870 702 2945 est,
732 2863 824 2930 utin
845 2865 1041 2942 universum,
1082 2861 1129 2926 sia
1150 2859 1190 2925 de
1216 2857 1350 2942 singulis

324 2970 528 3055 quibusdam.
573 2969 678 3048 Quum
700 2968 785 3033 enim
805 2969 840 3032 in
862 2966 938 3034 libri
959 2966 1055 3051 primi
1077 2963 1183 3062 capite
1206 2967 1350 3030 extremo

324 3074 364 3140 de
386 3076 560 3141 virtutibus
581 3095 616 3142 se
638 3079 687 3154 et,
718 3093 802 3157 quae
823 3074 889 3140 sint
911 3076 945 3138 et
971 3071 1006 3134 in
1036 3067 1171 3153 quibus,
1205 3087 1351 3151 quasque

324 3199 377 3245 res
398 3179 575 3263 attingant,
598 3178 701 3263 egisse
723 3177 820 3259 dieat,
843 3175 954 3244 statim
976 3171 1143 3239 aseeundi
1157 3171 1235 3236 iibri
1255 3170 1349 3236 initio

325 3283 368 3350 ad
390 3284 531 3370 singulas
554 3281 711 3367 quasdam
731 3282 867 3348 virtutes
889 3275 1137 3347 considerandas
1150 3274 1245 3356 redit,
1268 3293 1350 3359 quas

325 3389 476 3473 aequiore
495 3387 565 3454 loeo
587 3387 725 3452 tractari
747 3383 929 3478 oportebat
972 3380 1051 3447 Tude
1072 3378 1197 3465 aliquid
1207 3378 1349 3444 animad-

326 3494 408 3558 verti
429 3492 504 3558 lieet
526 3493 625 3558 etiam
646 3491 675 3573 1,
705 3495 760 3572 35,
784 3495 843 3571 27,
873 3487 929 3554 ubi
961 3485 1106 3585 dubitari
1138 3504 1233 3569 posse
1261 3481 1350 3561 dicit,

326 3604 435 3664 utrum
469 3596 640 3682 prudentia
673 3595 859 3680 (φρόνησις)
892 3590 994 3658 virtus
1029 3589 1073 3655 sit
1104 3607 1219 3668 necne,
1253 3606 1351 3670 quum

326 3710 435 3770 tamen
454 3707 522 3790 jam
543 3708 619 3769 ante
641 3702 669 3787 ξ.
696 3704 734 3765 12
756 3694 960 3785 prudentiam
985 3693 1176 3780 (φρόνησιν)
1198 3691 1352 3756 virtutem

330 3830 400 3876 esse
423 3808 553 3890 dixerit,
578 3812 611 3875 et
633 3807 661 3891 §-
688 3809 726 3870 17
750 3802 837 3889 quod
858 3799 999 3886 probare
1017 3798 1136 3880 studet,
1160 3795 1353 3880 sapientiam

327 3916 413 3980 inter
434 3914 570 3980 virtutes
592 3931 663 3978 esse
684 3906 925 3990 numerandam,
946 3903 981 3971 id
1003 3903 1108 3990 ipsum
1130 3924 1169 3968 ex
1191 3905 1353 3986 sopatere

404 4151 469 4221 1⁰5)
485 4153 504 4217 Ι,
526 4151 582 4216 1,’“7
602 4161 626 4204 et
641 4151 695 4203 ibid.
715 4147 774 4202 tiu·
870 4145 970 4216 lotii,
991 4147 1014 4211 1,
1036 4145 1077 4207 11,
1095 4152 1118 4195 et
1137 4142 1179 4194 12.
1202 4177 1207 4184 -
1291 4136 1355 4205 107)

330 4242 499 4308 1‚1‚212q.
610 4239 676 4310 108)
697 4239 808 4303 1,7,3.
1088 4249 1093 4258 ·
1198 4238 1200 4246 ’
1322 4233 1326 4264 ι
