2934 5076
630 480 671 541 89

5 633 6 642 ἶ
130 667 203 728 ros,
226 647 364 732 quiajos
383 645 561 712 disserendi
577 651 751 731 praecepta
765 643 846 711 bene
862 646 990 730 cognita
1004 643 1155 725 habeant,

129 750 231 816 docet
252 749 406 834 denique,
439 749 517 833 quid
541 748 652 815 Oicero
675 751 709 815 in
732 748 910 815 scribendis
932 749 998 813 suis
1021 748 1156 832 dialogis

130 853 411 921 vehementissime
434 861 602 920 assecutus
625 855 678 920 sit.
734 855 818 919 Ante
841 855 949 919 omnia
971 859 1078 920 autem
1100 876 1156 920 no·

130 957 186 1024 bis
207 959 292 1024 viam
315 959 421 1042 aperit
444 958 487 1023 ad
508 965 596 1024 recte
617 958 861 1043 intelligendum
883 959 1020 1024 alterum
1041 959 1156 1041 locum,

130 1060 178 1126 de
200 1083 264 1145 quo
283 1064 353 1147 jam
372 1061 519 1142 diximus,
541 1063 576 1127 in
588 1062 737 1146 Epistola
753 1061 811 1127 illa
827 1061 1071 1128 adFamiliares
1086 1063 1157 1148 ¹⁹⁸):

133 1163 278 1248 »Scripsi
299 1165 401 1248 igitur
414 1169 601 1232 Aristotelio
620 1189 715 1245 more,
738 1167 1008 1250 quemadmodum
1030 1167 1159 1252 quidem

132 1268 231 1350 volui,
254 1275 323 1334 tres
345 1268 445 1334 libros
467 1270 502 1335 in
520 1269 739 1354 disputatione
757 1292 796 1336 ac
813 1271 941 1356 dialogo
957 1273 997 1337 de
1010 1271 1157 1353 Oratore,

132 1395 219 1460 quos
248 1373 395 1439 arbitror
414 1372 551 1439 Lentulo
581 1381 638 1440 tuo
660 1375 729 1439 fore
751 1397 816 1441 non
837 1375 980 1441 inutiles
1035 1375 1159 1440 Abhor-

132 1485 210 1544 rent
233 1479 318 1543 enim
341 1498 362 1542 a
383 1478 604 1545 communibus
630 1481 813 1564 praeceptis
836 1487 934 1564 atque
956 1501 1082 1545 omnem
1103 1501 1160 1545 sn·

132 1583 304 1664 tiquorum
327 1587 360 1648 et
381 1581 603 1647 Aristoteliam
633 1587 666 1647 et
690 1583 880 1649 Isocratiam
909 1585 1067 1649 rationem
1090 1605 1160 1650 ora·

132 1687 258 1756 toriam
289 1684 576 1769 complectuntur«.
632 1686 706 1750 Jarn
735 1688 829 1753 nobis
857 1688 933 1752 licet
963 1688 1003 1752 de
1033 1687 1094 1752 hac
1123 1707 1160 1752 re

134 1791 253 1858 breves
282 1813 371 1871 esse,
406 1811 504 1874 quum
532 1811 626 1855 nemo
647 1812 713 1855 non
734 1791 857 1874 videat,
890 1792 939 1857 his
969 1791 1050 1856 nihil
1072 1791 1161 1857 aliud

133 1895 312 1979 significari
334 1895 396 1960 nisi
418 1893 494 1960 hoc:
528 1893 650 1977 Scripsi
679 1900 746 1960 tres
774 1895 876 1962 libros
903 1894 944 1961 de
966 1895 1104 1962 Oratore
1126 1898 1160 1961 in

134 1999 267 2084 dialogo
296 1999 361 2080 ita,
397 2007 433 2062 st
461 2001 639 2062 Aristotelio
668 2021 755 2063 more
786 2004 820 2066 ia
848 2011 1012 2086 atramque
1039 2013 1160 2086 portem

135 2107 335 2187 dtrputnrm
369 2103 452 2168 Nam
467 2101 501 2167 id
515 2103 631 2187 ipsum,
644 2108 677 2170 ia
687 2119 846 2190 saumque
859 2117 981 2188 partem
992 2109 1160 2188 disputare,

136 2227 180 2274 ex
200 2207 258 2288 iis,
290 2227 375 2291 quae
396 2206 506 2290 paullo
528 2213 605 2273 ante
627 2207 871 2293 adscripsimus,
902 2211 1069 2295 proprium
1090 2212 1161 2276 Ari·

135 2311 261 2377 stotelii
282 2311 382 2376 moris
396 2310 497 2376 fuisse
512 2313 726 2395 eognovimus.
771 2313 819 2378 Ac
839 2315 955 2379 mirum
976 2316 1011 2380 in
1031 2315 1161 2381 modum

135 2415 336 2480 sententiam
358 2421 503 2481 nostram
531 2411 607 2480 libri
629 2414 669 2479 de
691 2414 830 2481 Oratore
853 2418 1060 2500 confirmant,
1093 2419 1162 2502 qui-

136 2519 202 2585 bus
235 2519 371 2586 evolutis
400 2521 497 2586 istam
527 2520 687 2585 rationem
715 2521 751 2584 in
773 2526 944 2606 utramque
965 2529 1094 2607 partem
1116 2523 1162 2586 di·

137 2625 234 2692 cendi
256 2625 331 2690 inde
361 2625 402 2690 ab
428 2626 521 2690 initio
548 2645 778 2710 permagnam
800 2628 907 2710 operis
928 2627 1014 2694 illius
1035 2635 1163 2712 partem

139 2729 332 2814 perductam
355 2735 388 2794 et
410 2729 614 2795 observatam
636 2751 707 2796 esse
729 2731 897 2795 cernimus.
952 2730 996 2796 Et
1017 2730 1096 2796 haec
1117 2731 1164 2796 sic

138 2839 229 2900 recte
252 2835 352 2900 statui
373 2833 425 2900 vel
450 2833 525 2897 indo
554 2839 708 2916 apparet,
743 2833 830 2918 quod
857 2833 953 2899 aliter
978 2836 1032 2900 vix
1061 2857 1099 2900 ac
1121 2856 1162 2900 ne

139 2939 194 3002 vix
223 2939 354 3022 quidem
388 2937 567 3020 intelligere
600 2939 772 3022 quisquam
803 2939 921 3021 possit,
956 2960 1014 3004 our
1040 2938 1160 3020 Oioero,

139 3063 223 3126 quae
244 3049 343 3108 antea
364 3043 620 3122 accuratissime,
660 3043 867 3126 politissima,
898 3043 1161 3110 artificiosissime

139 3149 234 3232 quasi
263 3146 446 3212 condiderit
474 3154 573 3232 atque
607 3147 821 3228 exstruxerit,
852 3169 891 3213 ea
918 3154 1034 3233 postea
1062 3149 1163 3214 multo

140 3257 261 3338 maj0rs
280 3251 330 3316 vel
352 3251 433 3316 artis
457 3251 687 3318 exercitatione
709 3250 760 3317 rel
777 3251 889 3337 judicii
904 3253 1085 3320 subtilitate
1106 3275 1163 3338 op·

139 3377 286 3440 pugnare
307 3362 341 3420 et
363 3357 456 3440 quasi
485 3355 663 3422 convellere
694 3357 833 3421 studeat.
888 3359 1010 3442 Nempe
1040 3366 1089 3424 est
1110 3359 1163 3424 hic

139 3463 347 3529 Aristotelius
369 3483 456 3544 mos,
487 3465 577 3548 cujus
601 3462 713 3546 quise
736 3467 916 3546 compotem
939 3485 1010 3530 esse
1031 3465 1163 3550 gloriari

139 3567 227 3646 vult,
256 3589 406 3634 recusare
428 3589 491 3632 non
514 3565 628 3646 debet,
663 3567 853 3649 quominus
875 3567 910 3633 in
931 3569 1043 3635 eadem
1066 3590 1164 3635 causa

138 3670 301 3738 interdum
338 3671 419 3736 duas
454 3670 635 3737 contrarias
671 3671 834 3736 orationes
872 3673 1016 3756 quamvis
1056 3673 1164 3738 subito

142 3775 268 3842 modat.
320 3775 413 3853 Quod
443 3776 519 3860 quia
549 3772 691 3840 ostendit
712 3795 813 3858 quum
835 3773 913 3842 alibi
927 3776 1001 3862 ¹⁹⁹),
1032 3782 1102 3842 tum
1130 3777 1164 3842 in

214 4005 279 4076 198)
297 4013 321 4071 Ι,
339 4009 371 4071 9,
389 4007 432 4060 2³.
544 4007 607 4076 199)
625 4009 653 4059 Ut
673 4010 696 4059 in
715 4009 779 4060 llluis
797 4009 827 4060 da
846 4009 1002 4077 Republica,
1024 4009 1064 4072 qni
1083 4023 1164 4071 quarn·

6 4099 8 4116 '
139 4113 210 4164 μοι
228 4113 308 4162 mgni
325 4115 352 4150 ex
371 4105 436 4165 porte
455 4099 599 4160 interiorunt,
618 4105 695 4149 umen
712 4115 740 4150 ss
759 4111 839 4150 sonim
858 4098 999 4161 dumanas,
1017 4111 1077 4162 ques
1088 4097 1163 4147 adhue

7 4219 8 4238 t
139 4197 271 4252 superum,
296 4189 359 4240 caui
382 4189 405 4238 id
429 4189 487 4238 sutis
510 4187 631 4252 perspicue
655 4195 748 4252 potest,
781 4187 837 4256 (etr.
865 4203 914 4252 ejus
942 4187 1019 4251 operis
1041 4188 1164 4250 ingruente
