2950 5076
584 519 587 526 ,
663 445 707 519 35

117 635 212 733 κατὰ,
230 637 413 724 συμβεβηκός
436 641 548 728 (neque
570 665 640 705 vero
665 639 704 726 pri
728 647 758 706 in
781 645 889 726 optimo
909 643 1010 705 codice
1032 643 1059 704 lt]
1084 638 1185 726 inest),
1208 645 1246 709 ci.

118 739 246 806 Devarii
283 745 333 804 lib.
373 747 426 806 de'
448 748 582 810 Graecae
623 747 743 824 linguae
775 723 942 834 particulis·
960 747 1007 808 ed.
1040 741 1141 810 Klotz.
1177 767 1247 828 pag.

122 847 192 920 rsa,
219 843 286 910 190.
807 829 811 840 '

187 951 259 1010 .Do
291 951 443 1029 particulis
478 947 585 1032 μέντοι
617 961 647 1010 et
680 948 786 1010 καίτοι
819 953 945 1030 primum
965 971 1095 1025 moneo,
1131 950 1248 1029 singula

118 1053 228 1130 scripta
260 1053 364 1112 eodem
398 1055 461 1112 fere
496 1053 581 1113 modo
617 1063 705 1134 atque
741 1055 771 1112 in
811 1055 956 1134 particnla
987 1047 1046 1133 μήν
1079 1050 1248 1113 adhihenda

117 1155 191 1212 mire
227 1157 303 1216 inter
335 1175 367 1214 se
403 1155 522 1218 distare.
579 1155 654 1216 Cum
688 1157 765 1218 enim
800 1165 830 1216 et
870 1151 976 1234 μέντοι
1014 1165 1045 1214 et
1078 1152 1184 1212 καίτοι
1216 1156 1245 1214 in
1301 1203 1309 1216 .

116 1255 338 1336 Metaphysiois
374 1257 520 1336 Physicis,
556 1258 688 1317 Politicis
728 1258 901 1337 saepissime
931 1265 1119 1337 usurpentur,
1154 1256 1246 1316 multo

115 1359 209 1416 maius
240 1360 270 1417 in
303 1360 409 1419 ceteris
437 1361 635 1430 inveniuntur,
667 1361 797 1418 maxime
827 1359 857 1417 iu
885 1359 1066 1432 Rhetoricis3
1099 1358 1129 1418 in
1152 1359 1246 1418 Meta·

114 1459 248 1539 physicis
270 1462 348 1520 enirn
370 1456 475 1539 μέντοι
498 1463 608 1540 septies
630 1471 661 1520 et
680 1461 788 1534 tricies,
822 1457 927 1518 καίτοι
960 1453 1068 1539 quater¹
1099 1470 1130 1521 et
1164 1461 1247 1540 quin-

114 1563 241 1641 quagies
265 1563 417 1642 reperitur,
449 1563 478 1621 in
504 1563 670 1622 Rhetoricis
682 1565 711 1640 *1
735 1559 843 1642 μέντοι
875 1571 988 1642 qnater,
1026 1557 1128 1622 salsos
1159 1560 1243 1641 quin-

114 1665 210 1742 quies.
231 1663 400 1726 'Videntur
432 1667 524 1742 igitur
558 1685 613 1725 eae
639 1665 801 1744 particulae
824 1673 913 1745 atque
946 1665 1036 1724 etiam
1065 1657 1123 1744 μήν
1151 1665 1247 1741 magis

112 1763 152 1822 sd
187 1764 301 1826 dicendi
337 1769 478 1827 rationem
514 1766 544 1825 in
580 1767 663 1826 libris
697 1765 912 1852 Metaplysicis
948 1776 1000 1841 et,
1016 1766 1155 1846 Physicis
1194 1764 1246 1840 (ad
1318 1805 1328 1812 -

114 1885 191 1946 quos
206 1867 225 1930 1.
242 1869 358 1928 Politici
381 1869 473 1928 multo
501 1870 638 1950 proprius
660 1867 805 1928 accedunt
824 1889 913 1949 quam
941 1867 979 1928 sd
1004 1877 1103 1944 cetera
1121 1862 1244 1950 scripta)

113 1967 276 2029 adhibitam
301 1971 446 2052 quadrare
468 1991 555 2052 quam
579 1970 615 2030 ad
639 1981 753 2031 ceteros
776 1970 881 2030 librosr
921 1971 1000 2030 Tum
1023 1970 1179 2034 dicendum
1202 1980 1247 2030 est

112 2069 153 2130 de
177 2073 320 2151 particula
352 2069 386 2150 γε’
419 2083 484 2154 post
517 2069 623 2152 μέντοι
654 2083 684 2132 et
716 2069 821 2130 καίτοι
844 2082 993 2154 usurpata.
1039 2076 1145 2154 Neque
1167 2073 1245 2132 enim

112 2172 197 2253 quod
219 2173 256 2233 de
279 2165 472 2235 collocatione
495 2178 559 2254 ejus
581 2177 743 2258 particulae
765 2185 833 2256 post
867 2176 991 2236 verbum
1027 2167 1086 2256 priv
1105 2175 1243 2256 vidimus,

112 2275 151 2336 cs.
168 2295 235 2356 pag.
252 2277 283 2351 9,
307 2279 395 2337 etiarn
420 2278 455 2338 ad
479 2275 585 2335 καίτοι
610 2290 639 2338 st
666 2273 773 2357 μέντοι
795 2280 933 2357 pertinet.
979 2281 1055 2338 Nam
1079 2277 1158 2337 haud
1179 2298 1246 2336 raro

112 2377 175 2436 duo
209 2381 300 2440 verba
330 2381 565 2460 interponuntur,
602 2381 692 2440 stiam
715 2381 855 2470 articulus
886 2402 951 2442 cum
975 2380 1169 2453 substantivo,
1204 2379 1243 2439 cf.
1329 2431 1335 2446 ,

111 2479 246 2560 llataph.
285 2479 376 2544 1033.
411 2483 440 2542 1).
477 2483 535 2557 31,
569 2483 662 2562 Phys.
697 2481 769 2546 246.
801 2505 828 2546 a.
864 2483 898 2559 8,
940 2483 1012 2564 quin
1046 2483 1134 2542 etiam
1165 2483 1247 2542 nullo

112 2581 206 2672 vcfbo
240 2584 413 2664 interposito
449 2579 484 2661 γέ
516 2585 599 2665 sequi
636 2593 732 2664 potest
743 2583 800 2660 **).
845 2585 904 2645 Sed
932 2573 1004 2666 'quid
1034 2604 1152 2666 quoque
1180 2584 1245 2644 loco
1312 2603 1318 2614 ·

112 2683 299 2746 scribendum
337 2687 375 2744 sit
408 2685 487 2746 haud
511 2688 597 2746 facile
631 2695 676 2746 cst
700 2686 869 2764 dijudicato,
905 2689 975 2766 qnia
1007 2685 1125 2747 codices
1156 2685 1246 2746 valde

112 2787 191 2844 inter
211 2806 242 2846 se
267 2787 460 2861 dissentiunt,
494 2809 560 2848 cum
594 2791 712 2869 saepius
745 2799 775 2848 et
798 2788 850 2848 alii
872 2789 904 2866 γε’
929 2787 1059 2848 habeant
1088 2788 1138 2848 alii
1160 2789 1244 2848 omit-

111 2895 178 2946 tant
210 2896 240 2946 st
274 2890 324 2949 alii
358 2891 444 2950 aliter
481 2891 624 2952 collocata
659 2893 752 2952 verba
787 2891 958 2970 praebeant.
1013 2891 1102 2962 Loci,
1137 2891 1245 2970 quibus

108 2989 215 3070 optimi
248 2992 367 3052 codices
389 2990 422 3073 γε’
452 2993 569 3066 habent,
603 2994 632 3053 hi
656 3001 736 3052 sunt:
770 2989 925 3070 καίτοι-γε’
955 3013 1014 3053 uno
1047 2993 1098 3052 vel
1129 2991 1244 3054 duobus

107 3091 213 3153 verbis
237 3093 430 3176 interpositis:
467 3095 563 3158 Ethic.
597 3095 686 3159 1132.
717 3096 747 3158 b.
780 3093 820 3158 25
855 3091 902 3174 (γε’
924 3095 1031 3156 omittit
1049 3092 1116 3172 ub),
1153 3091 1244 3156 1134.

108 3195 139 3254 1).
173 3193 224 3268 28,
260 3196 350 3258 11-14.
379 3219 405 3261 a.
427 3188 487 3274 tlh,
523 3197 614 3262 1181.
646 3199 674 3262 b.
703 3197 738 3270 33
781 3195 872 3256 Polit.
906 3196 998 3261 1261.
1025 3197 1054 3258 b.
1088 3196 1117 3269 9,
1150 3195 1244 3259 1264.

112 3317 140 3356 a
162 3297 209 3366 13,
234 3299 323 3362 1270.
339 3300 367 3360 b.
392 3299 443 3372 39,
471 3299 559 3362 1211.
582 3322 608 3364 a.
633 3299 687 3375 16;
710 3299 747 3359 de
770 3299 858 3360 anim.
881 3297 953 3361 410.
980 3299 1005 3362 b.
1024 3297 1066 3362 20
1087 3285 1242 3388 (καίτοιγε

109 3401 171 3472 Xl;
209 3401 340 3480 hletapls.
378 3403 449 3466 031.
483 3405 510 3466 b.
539 3404 585 3476 10,
620 3399 691 3468 988.
719 3423 746 3465 a.
779 3401 793 3464 l
826 3397 976 3478 (καίτοιγε
1006 3401 1057 3480 Τ),
1095 3397 1183 3464 1010.
1215 3422 1241 3462 a.

113 3501 163 3574 17,
193 3501 281 3564 1010.
305 3525 330 3563 a.
356 3505 397 3566 35
421 3501 573 3583 (καίτοιγε
606 3505 711 3580 EST),
744 3503 888 3568 108111).
914 3501 972 3578 273
1004 3504 1097 3584 Phys.
1115 3503 1193 3575 221.
1215 3525 1242 3564 a.

108 3605 141 3676 ἰ),
166 3603 239 3668 22¹3.
264 3625 290 3665 a.
314 3605 365 3670 34.
411 3603 586 3687 μέντοι-γε’)
610 3607 742 3688 Metaph.
770 3604 861 3670 1026.
887 3627 913 3670 a.
942 3605 990 3682 ll,
1017 3604 1107 3670 1033.
1131 3605 1161 3666 1).
1184 3604 1242 3682 31,

181 3821 263 3888 ⁸)De
283 3823 386 3875 dicendi
407 3827 516 3886 rationo,
544 3841 611 3890 quac
638 3829 664 3875 in
686 3826 835 3878 Rhetoricis
860 3825 1002 3888 iuvenitur,
1029 3839 1087 3875 cum
1116 3823 1242 3875 hocloco

108 3909 241 3960 disserere
264 3911 372 3976 longum
391 3913 433 3970 stt,
452 3913 599 3962 accuratius
622 3911 706 3962 dicam
726 3913 775 3962 sub
792 3911 868 3962 finam
892 3911 969 3976 hujus
987 3911 1116 3978 opusculi.
1205 3939 1209 3954 ·

166 3993 207 4051 *ἦ
230 3996 362 4048 Differunt
379 3997 521 4064 scriptores
546 4012 577 4048 es
595 4011 631 4058 re,
655 4011 712 4046 crim
732 3998 778 4048 alii
797 3999 826 4066 γε’
845 4005 904 4064 post
924 3998 1018 4064 pictos
1035 4003 1061 4047 et
1078 3993 1173 4048 καίτοι
1190 4011 1241 4046 nou

107 4081 254 4134 adhibeant
272 4081 321 4132 nisi
341 4082 420 4134 verbo
440 4084 602 4148 interposito,
620 4097 652 4132 ex
667 4081 762 4147 qulbus
774 4083 856 4134 allero
869 4081 1058 4148 Thucydidem,
1077 4083 1110 4134 ct.
1130 4083 1242 4148 ltrtlgcr.

107 4167 142 4218 sd
163 4165 281 4234 Thucyd.
298 4169 315 4218 1.
335 4169 354 4222 1.
373 4173 395 4222 3,
420 4173 444 4232 ’2,
474 4169 519 4219 alli
541 4184 597 4220 cam
628 4167 713 4234 legem
739 4185 790 4220 uon
818 4175 967 4234 sequantur,
999 4169 1072 4220 volut
1098 4161 1181 4228 Pla'to,
1208 4165 1241 4218 cl.

108 4257 169 4304 Ast.
195 4255 271 4306 lexic.
290 4255 355 4306 Phat.
375 4255 408 4306 11.
431 4257 490 4317 801,
516 4261 542 4306 et
565 4255 721 4324 Xenophon,
743 4255 776 4306 ct.
795 4253 880 4306 Klots.
898 4261 987 4306 annot.
1015 4253 1047 4306 sd
1066 4253 1161 4306 Decor.
1180 4267 1240 4322 pag.

108 4341 172 4402 611,
189 4341 248 4394 est.
