2950 5076
697 436 925 500 -118-

153 611 157 622 '
235 602 340 667 aitioni
354 603 767 688 adiunguntur‚sontontiac
779 615 853 694 apte
864 606 949 672 inter
959 630 994 672 oe
1003 608 1208 674 cohaereant.
1222 595 1374 688 Qoofacto
1443 599 1444 608 ¹

235 712 459 778 Aristoteleob
474 717 506 778 ll
519 737 608 801 seqq.
619 714 677 779 ait:
689 715 748 781 sin
762 726 869 784 autem
883 739 973 784 meua
985 739 1129 782 seorsum
1142 717 1262 803 cogitat
1271 727 1374 783 utram·

235 844 298 910 que
321 821 424 886 lineae
446 834 580 910 partem,
604 825 696 889 simul
721 826 817 892 etiam
839 839 968 914 tempus
992 825 1115 892 dividit
1154 827 1283 914 Cogitat
1300 828 1373 892 enim

234 941 311 1014 tum,
334 932 360 998 ai
378 932 438 997 hoc
455 933 542 1015 facit,
565 934 692 1014 lincam,
716 938 806 1023 quasi
829 937 894 1004 sint
911 938 1023 1003 lineae.
1061 935 1129 1003 Ubi
1147 945 1252 1002 antem
1268 935 1373 1002 lineam

234 1042 368 1127 cogitat,
404 1041 495 1127 quasi
523 1041 565 1107 sit
594 1065 634 1108 ex
664 1055 801 1135 utraque
830 1057 924 1131 parte
952 1045 1147 1133 composita,
1181 1047 1212 1110 h.
1233 1069 1260 1111 e.
1287 1045 1312 1110 oi
1336 1045 1374 1109 ita

233 1152 355 1238 cogitat
381 1152 513 1233 lineam,
542 1161 577 1217 ut
605 1153 647 1218 ait
673 1177 754 1236 una,
783 1155 838 1221 aed
868 1170 1032 1244 tamquam
1054 1179 1072 1220 o
1094 1154 1219 1221 duabus
1241 1153 1374 1243 pertibus

232 1271 398 1341 constans,
426 1261 521 1326 etiam
550 1261 582 1326 in
612 1269 765 1352 temporie
793 1266 896 1354 spatio
927 1267 1049 1352 cogitat
1077 1263 1165 1352 quod
1191 1268 1223 1330 in
1251 1275 1375 1351 utraque

232 1381 325 1458 porte
346 1381 404 1436 eet.
446 1369 591 1458 [Cogitat
612 1373 711 1459 igitur
733 1386 801 1443 tum
824 1386 856 1440 et
878 1376 995 1442 lineam
1018 1387 1051 1439 et
1071 1385 1198 1462 tempus
1222 1370 1374 1459 divisum];
1444 1454 1445 1482 1

232 1480 288 1546 aed
319 1504 376 1568 per
402 1482 567 1564 accidens,
597 1493 629 1548 et
656 1507 719 1548 non
749 1483 920 1573 quatenus'
937 1486 992 1550 illa
1018 1482 1149 1550 dividua
1177 1495 1265 1564 sunt,
1298 1481 1373 1570 quod
1444 1489 1445 1494 ’

232 1590 353 1678 cogitat
373 1590 487 1677 (intell.
510 1590 644 1678 lineam)
666 1603 698 1658 et
719 1596 751 1659 in
775 1618 840 1682 quo
862 1607 1021 1684 tempore,
1050 1592 1108 1660 sed
1130 1605 1286 1680 quatenus
1307 1601 1374 1658 anot
1444 1669 1445 1680 ῳ

229 1700 405 1767 individua.
449 1699 669 1788 (Cogitatione
692 1706 776 1769 enim
801 1707 870 1772 oola
893 1727 983 1771 meno
1006 1703 1135 1784 dividit,
1165 1723 1248 1788 quae
1269 1724 1326 1790 per
1344 1723 1374 1764 ee
1444 1705 1445 1722 ¹

231 1820 306 1874 sunt
331 1809 520 1896 individua).
567 1811 653 1878 Nam
682 1815 777 1878 etiam
811 1815 845 1880 in
875 1813 926 1880 his
952 1812 1073 1900 aliquid
1101 1809 1298 1880 individuum
1324 1823 1374 1888 cot,

230 1917 328 2006 idque
355 1920 491 1984 fortasse
516 1920 558 1986 ab
586 1922 625 1986 iic
651 1947 717 1988 non
748 1925 943 2004 seiunctum,
976 1924 1063 2010 quod
1095 1923 1193 1989 efficit
1225 1943 1321 1987 annm
1346 1930 1373 1984 et

229 2038 356 2114 tempus
380 2040 412 2093 et
433 2030 562 2096 lineam.
608 2035 717 2121 Atque
739 2035 854 2100 hocin
878 2055 1073 2120 unoquoque
1096 2043 1146 2098 eat
1167 2031 1327 2097 individuo
1347 2043 1375 2094 et

230 2138 430 2226 intempore
457 2151 490 2206 et
517 2141 547 2206 in
580 2142 675 2210 linea.
721 2143 816 2223 Quod
844 2156 950 2210 autem
980 2165 1042 2208 noo
1072 2144 1250 2230 quantitate
1271 2141 1376 2207 indui·

230 2249 328 2315 duum
350 2261 414 2331 eat,
442 2251 499 2316 aed
522 2251 669 2333 notione,
700 2254 874 2340 cogitatio
899 2265 1043 2341 tempore
1066 2250 1231 2318 individuo
1254 2262 1285 2317 ot
1303 2251 1375 2318 indi·

230 2358 327 2424 vidua
349 2360 464 2425 mentis
487 2361 623 2426 actione.

315 2466 408 2546 Quae
430 2471 537 2536 omnio
559 2471 638 2538 satie
660 2483 734 2560 apte
757 2472 931 2560 procedere
951 2469 1109 2538 videntur.
1145 2471 1283 2538 Causam
1303 2491 1372 2534 vero
1444 2461 1445 2470 ¹

227 2579 290 2644 loci
307 2579 448 2667 corrupti
463 2579 490 2645 ei
505 2581 642 2668 quaeris,
664 2594 814 2668 putamus
830 2583 1091 2670 praetermissum
1107 2583 1147 2647 ab
1163 2581 1269 2669 aliquo
1283 2579 1372 2646 suisne

229 2700 262 2754 et
283 2693 316 2754 in
337 2688 484 2775 margine
507 2691 703 2780 adscriptum
728 2693 950 2760 enunciatum:
977 2691 1016 2759 τό
1040 2691 1077 2760 δὲ
1099 2689 1144 2778 μὴ
1169 2689 1252 2759 κατὰ
1275 2687 1373 2756 ποτὸν

228 2793 421 2882 ἀδιαίρετον
442 2792 530 2865 ἀλλὰ
552 2803 599 2888 τῷ
622 2796 707 2870 εἴδει
730 2808 801 2870 νοεῖ
821 2802 855 2869 ἐν
877 2797 1060 2890 ἀδιαιρέτῳ
1080 2799 1189 2890 χρόνῳ
1203 2800 1259 2868 καὶ
1273 2795 1371 2868 ἀδιαι-

226 2909 309 2996 ρέτῳ
332 2911 449 2999 ψυχῆς,
473 2919 506 2975 et
527 2923 640 2997 postea
663 2894 734 2978 loco
757 2914 861 2978 alieno
885 2914 925 2978 ab
949 2914 1010 2978 olio
1034 2935 1105 2978 esee
1127 2915 1292 2979 insertum.
1323 2914 1371 2975 At-

150 3045 155 3056 ’
228 3042 292 3107 que
322 3029 390 3083 erat
418 3041 476 3084 eur
502 3020 564 3086 hoo
585 3025 727 3088 maxime
749 3024 821 3089 loco
844 3023 898 3088 ille
919 3023 1001 3088 haec
1022 3023 1252 3111 interponeret.
1294 3022 1369 3090 Nam

227 3130 254 3196 si
277 3129 377 3195 verba
394 3128 467 3194 oola
489 3131 635 3218 respicio,
665 3132 714 3197 his
736 3133 857 3221 aliquid
877 3133 1094 3200 similitudinis
1117 3133 1287 3200 intercedit
1307 3155 1369 3198 curn

225 3239 265 3304 iio
294 3251 369 3304 ante
397 3261 480 3326 quae
507 3239 540 3304 in
568 3241 732 3306 codicibus
760 3243 917 3310 collocata
946 3254 1036 3310 eunt:
1065 3242 1149 3309 κατδ
1176 3238 1371 3327 συμβεβηκὸς

226 3349 279 3429 δέ,
306 3347 363 3415 καὶ
390 3345 449 3432 οὐχ
468 3339 493 3440 ᾗ
515 3350 622 3418 ἐκεῖνα
645 3349 814 3440 διαιρετά,
844 3345 864 3420 ii
887 3358 958 3421 νοεῖ
977 3353 1033 3420 καὶ
1055 3352 1090 3420 ἐν
1112 3342 1273 3442 ᾧχρόνῳ,
1296 3347 1368 3420 ἀλλ’

224 3450 247 3548 ᾖ
269 3454 455 3548 ἀδιαίρετα.
500 3463 674 3552 Postquam
699 3445 806 3530 autem
828 3464 885 3531 illa
905 3465 1064 3531 sententia
1085 3465 1146 3530 hoc
1169 3465 1240 3531 loco
1262 3465 1371 3529 ineerta

224 3570 294 3652 fuit,
317 3570 432 3657 eliquia
455 3583 588 3660 propter
609 3573 724 3640 verba:
747 3573 782 3640 ἒν
802 3569 985 3663 ἀδιαιρέτῳ
1005 3569 1111 3662 χρόνῳ
1127 3574 1184 3642 καὶ
1196 3570 1370 3662 ἀδιαιρέτῳ

224 3683 283 3765 τῆς
304 3683 414 3770 ψυχῆς
436 3681 456 3746 Ι)
475 3682 528 3764 15,
558 3674 578 3747 δ
600 3690 669 3750 νοεῖ
690 3685 747 3751 καὶ
769 3681 804 3752 ἐν
826 3674 853 3773 ᾦ
874 3682 979 3774 χρόνῳ
1003 3687 1023 3751 b
1041 3689 1095 3769 16,
1124 3699 1159 3752 ut
1181 3687 1245 3754 illia
1267 3707 1372 3752 conve·

224 3791 340 3873 nirent,
363 3793 498 3858 mutavit
520 3794 552 3859 in
577 3782 603 3883 ᾧ
625 3800 695 3861 νοεῖ
715 3795 771 3862 καὶ
792 3794 828 3862 dv
848 3785 877 3884 ᾦ
896 3792 1014 3884 χρόνῳ.

307 3902 414 3967 Locus
444 3903 554 3970 similia
590 3916 639 3971 est
667 3907 707 3970 de
735 3906 831 3972 anim.
863 3907 930 3987 III,
958 3908 987 3972 3.
1017 3907 1081 3974 428
1103 3930 1123 3972 a
1143 3907 1202 3974 24:
1235 3904 1371 3997 φανερόν

223 4009 334 4078 τοίνυν
362 4008 415 4080 ὅτι
441 4007 521 4080 οὐδὲ
549 4010 633 4095 δόξα
654 4011 728 4100 μετ’
753 4011 962 4105 αἰσθήσεως,
995 4010 1075 4084 οὐδὲ
1102 4012 1150 4085 δι’
1174 4015 1369 4108 αἰσθήσεως.

224 4119 303 4191 οὐδὲ
325 4124 500 4211 συμπλοκή
531 4121 631 4213 δόξης
658 4127 714 4194 καὶ
743 4124 938 4215 αἰσθήσεως
963 4125 1133 4216 φαντασία
1161 4125 1203 4195 δν
1225 4126 1291 4216 ιῖἰ),
1317 4119 1370 4194 διό

222 4259 258 4301 τε
280 4239 386 4302 ταῦτα
409 4236 466 4303 καὶ
488 4237 591 4322 δῆλον
613 4235 667 4304 ότι
689 4234 747 4304 οὐκ
770 4232 876 4304 c’iitoo
904 4235 995 4318 τινός
1017 4237 1105 4305 ἐστιν
1129 4235 1148 4326 ἡ
1173 4237 1272 4321 δόξα,
1299 4229 1367 4306 dtt’

222 4343 349 4412 ἐκείνοιν
377 4345 465 4414 ἐστὶν
492 4337 532 4413 οὗ
558 4347 615 4413 καὶ
643 4344 821 4434 αἴσθησις·
846 4347 931 4435 λέγω
954 4345 1000 4431 δ’,
1023 4345 1054 4417 εἰ
1081 4353 1138 4435 (cf.
1161 4348 1370 4418 Treudolenb.

221 4467 389 4522 comment.
414 4479 445 4543 p.
461 4458 596 4545 totsq.)
625 4462 684 4544 τῆς
713 4464 774 4525 τοῦ
802 4461 920 4528 λευκοῦ
942 4456 1042 4548 δόξης
1063 4458 1120 4528 καὶ
1142 4457 1333 4549 αἰσθήσεως
1352 4450 1368 4539 ἡ
