2950 5076
696 426 923 494 -1tss-

233 597 284 666 sio
308 597 443 666 tollitur.
485 599 593 664 Antea
620 599 708 664 enim
731 597 926 666 Aristotelee
952 599 1230 668 demonstraverat
1256 602 1377 690 primam

231 708 445 776 substantiam
475 727 549 776 esse
582 719 688 774 aetum
720 717 901 774 aeternum.
947 708 1048 796 Atqui
1077 720 1168 775 aetna
1196 709 1378 799 voluptatem
1447 747 1448 752 κ

232 820 342 904 effert3
371 841 455 907 quee
484 829 534 886 eet
560 827 711 884 cenetens
733 816 918 884 Aristotelis
949 819 1123 902 sententia,
1153 821 1196 886 ef.
1220 821 1293 888 Eth.
1315 822 1377 888 Nic.

231 928 311 1010 Vll,
337 930 388 1001 13.
413 931 496 995 1153
511 953 530 996 e
548 931 598 994 12.
621 927 667 1007 X,
688 927 720 992 4.
746 926 828 992 1174
842 927 864 992 b
879 928 934 994 23.
971 928 1068 1015 Εῑςο
1083 929 1189 1017 prime
1204 933 1378 1011 substantia,

233 1061 309 1104 eum
328 1037 370 1105 eb
393 1038 481 1104 omui
504 1037 692 1104 aeternitate
714 1036 747 1102 in
771 1045 844 1103 aeto
868 1047 1023 1121 versetur,
1051 1050 1084 1103 et
1106 1039 1271 1124 voluptate
1292 1040 1379 1106 utitur

235 1157 268 1212 et
299 1165 429 1234 eemper
457 1171 495 1215 ea
521 1148 632 1214 utitur.
675 1145 808 1232 Optime
840 1145 940 1233 igiter
975 1147 1057 1214 haee
1091 1150 1325 1235 argumentatio
1350 1172 1379 1214 ae

234 1257 342 1338 hebet,
365 1279 472 1346 neque
493 1259 598 1324 minua
620 1255 723 1324 facilia
740 1264 789 1322 eet
803 1254 1029 1343 disputationis
1045 1257 1086 1323 ed
1102 1279 1144 1322 ea
1158 1281 1242 1346 quae
1257 1281 1380 1347 sequun·

233 1378 286 1434 tur
307 1367 477 1434 transitus:
507 1368 597 1434 Deus
619 1387 747 1453 semper
768 1365 835 1432 vita
856 1365 957 1434 utitur
979 1367 1174 1447 beetiasima,
1197 1391 1269 1434 eum
1293 1367 1378 1434 etiam
1448 1393 1449 1400 ¹

233 1478 431 1565 voluptutem
458 1488 549 1544 aetus
580 1476 715 1556 efficiat,
744 1483 842 1562 etque
870 1475 911 1540 ob
941 1476 1194 1561 haneeausem,
1223 1478 1296 1544 h.e.
1318 1501 1379 1566 pro

232 1599 347 1678 pterea
374 1587 459 1676 qnod
489 1587 587 1654 etiem
619 1587 769 1672 voluptas
806 1595 913 1652 aetum
946 1586 1164 1674 consequitur,
1200 1587 1378 1674 expergisci,

233 1699 412 1787 iunipero,
436 1697 579 1784 negitare
601 1706 651 1762 est
672 1695 946 1775 iucundissimum.
983 1695 1120 1760 Videtur
1142 1703 1249 1762 autem
1270 1691 1380 1764 soricem

200 1829 202 1836 ·
232 1810 404 1894 genetivus
425 1807 566 1873 insertus
588 1827 659 1870 esee
676 1805 851 1892 abaliquo,
875 1804 931 1893 qui
946 1827 1019 1872 cum
1032 1803 1263 1872 sententiarum
1279 1807 1381 1872 enhae-

232 1917 370 1984 reutiem
396 1940 462 1984 non
485 1914 562 1980 eatis
584 1913 804 2002 intellegeret,
835 1913 929 1980 illudi
956 1912 1114 1982 dueixei
1136 1908 1239 2002 ridear)
1263 1909 1282 2002 ἦ
1304 1914 1380 1998 irin·
1449 1876 1450 1960 l

227 2051 319 2115 ryme,
343 2027 456 2094 referri
479 2048 545 2092 non
566 2047 661 2112 pesse
683 2025 745 2090 niei
766 2025 809 2090 ed
830 2024 926 2090 deum
952 2025 1154 2111 opinabatur.
1200 2024 1379 2103 Quomodo

232 2140 349 2205 multos
381 2135 467 2222 apud
501 2134 709 2202 Aristotelem
743 2134 830 2202 loeoe
865 2145 1034 2220 corruptos
1067 2157 1137 2200 ease
1170 2134 1379 2222 unusquisque

232 2247 397 2328 concedet,
423 2244 533 2333 quiin
557 2243 848 2332 metaphysieornm
871 2243 961 2308 libris
984 2244 1169 2312 aBonitnio
1184 2244 1275 2310 editis
1290 2246 1380 2311 verbe

232 2357 274 2424 ab
296 2349 426 2424 homine
449 2355 633 2424 doctissimo
655 2353 746 2419 uneia
768 2353 894 2420 ineluee
916 2355 1179 2422 consideraverit.

712 2657 909 2666 --———-———

618 3004 893 3102 Exeursus
927 3001 994 3101 V.

315 3236 370 3301 De
384 3235 481 3300 anim.
497 3235 563 3315 III,
579 3235 608 3302 6.
625 3235 689 3308 430
701 3235 722 3299 b
732 3235 847 3321 Gaeqq.
865 3232 1057 3300 Aristoteles
1073 3234 1135 3300 tria
1150 3234 1375 3304 individuorum

230 3367 354 3433 genera
382 3344 559 3429 distinguit.
604 3348 655 3411 Ao
684 3345 822 3434 primum
855 3342 985 3430 quidem
1013 3344 1112 3410 verba
1138 3345 1216 3412 feeit
1243 3347 1283 3412 de
1307 3341 1377 3409 iudi-

229 3454 328 3520 viduo
357 3454 444 3542 quod
471 3454 505 3520 iu
533 3455 680 3542 quantita
706 3457 845 3542 positum
870 3465 936 3535 est,
967 3453 1174 3520 volutilinea
1196 3467 1228 3522 et
1250 3468 1375 3542 tempus,

229 3563 384 3630 b6—14.
417 3563 546 3630 Deinde
568 3563 757 3651 progeditur
779 3563 820 3628 ad
843 3562 1042 3629 individuum
1064 3564 1212 3647 notionis,
1235 3567 1255 3634 b
1273 3569 1318 3632 14.
1335 3564 1377 3628 la.

229 3674 382 3763 Denique
412 3676 536 3762 profert
562 3674 596 3741 id
624 3674 710 3762 quod
745 3673 927 3760 privatione
959 3673 1157 3742 individuum
1192 3688 1255 3757 est,
1290 3671 1377 3740 veluti

229 3793 384 3870 punctum
408 3795 444 3852 et
463 3784 618 3873 temporie
641 3793 849 3863 momentum,
871 3783 902 3848 b.
925 3785 977 3850 20.
999 3785 1050 3850 21.
1095 3784 1187 3863 Quae
1210 3785 1284 3854 inde
1305 3807 1331 3850 n.
1351 3804 1376 3844 v.

229 3893 314 3960 tlt
345 3917 448 3983 unque
475 3895 516 3962 ed
538 3919 569 3960 v.
593 3893 672 3960 520
698 3893 863 3978 leguntur:
893 3890 977 3959 κατὰ
1007 3894 1215 3981 συμβεβηκὸς
1245 3895 1298 3976 δέ,
1328 3889 1378 3960 καὶ

227 3999 288 4086 οὐχ
309 3993 334 4093 ᾗ
356 4003 464 4072 ἐκεῖνα
487 3999 651 4091 διαιρετά,
675 3991 701 4091 ᾧ
723 4008 794 4069 νοεῖ
815 4003 871 4070 καὶ
894 4000 928 4074 ἐν
950 3991 978 4089 ᾧ
996 4001 1112 4092 χρόνῳ,
1136 3999 1213 4072 dtl'
1234 3997 1258 4095 ἦ
1279 3999 1378 4076 ἀδιαί-

228 4137 322 4202 ρετα·
353 4116 460 4184 ἔνεστι
488 4111 550 4202 γάρ
577 4109 799 4191 adveniente
825 4137 859 4180 τι
884 4107 1093 4202 ἀδιαίρετον.
1131 4111 1210 4182 ἀλλ’
1238 4106 1378 4196 ἰ’σιυς“οὐ

225 4221 402 4312 χωριστόν,
429 4217 569 4294 dnosai
593 4223 652 4292 ἕνα
678 4222 737 4294 τὸν
762 4219 880 4310 χρόνον
906 4224 962 4292 καὶ
991 4224 1030 4294 τὰ
1057 4229 1173 4314 μῆκος.
1202 4227 1260 4296 καὶ
1283 4217 1376 4294 uoid'

229 4330 355 4419 ὁμοίως
388 4335 423 4404 ἐν
456 4333 583 4404 c‘r'rrovm'
615 4336 686 4406 dun
719 4339 766 4424 τῷ
799 4341 927 4417 συνεχεῖ
962 4334 1019 4402 καὶ
1047 4335 1157 4426 χρόνῳ
1190 4340 1247 4406 καὶ
1278 4333 1377 4426 μήκει,

227 4468 379 4533 magnam
394 4447 516 4514 habeut
527 4446 758 4514 difficultatem.
782 4448 925 4516 Primum
941 4447 1026 4516 enim
1038 4471 1057 4514 e
1069 4449 1228 4516 sententie
1243 4460 1379 4516 extreme
