2966 5072
671 441 712 506 63

264 607 416 677 Videmus
439 610 518 680 satis
540 631 771 698 usquequaque
788 611 932 680 dilatatis
948 609 1109 678 Platonici
1130 609 1197 676 dia·

173 713 241 800 logi
261 714 380 781 linibus
405 713 560 797 Ciceroni,
583 737 647 801 quo
670 737 704 783 sc
726 737 850 802 cunque
871 721 1027 798 rederet,
1050 715 1092 781 ad
1113 713 1199 782 arbi·

172 818 273 884 trium
294 840 390 886 suum
410 819 444 886 in
465 839 505 886 ea
526 841 561 886 re
583 821 759 905 exspatiari
779 821 917 888 licuisse.
963 819 1034 898 Qua
1047 816 1200 886 libertate

173 928 210 990 et
229 922 338 1008 ipsum
358 943 453 992 usum
482 944 552 990 esse
578 925 691 1009 negari
720 945 784 992 non
812 930 930 1009 potest.
980 925 1085 1004 Quum
1114 923 1199 990 enim

173 1025 413 1112 philosophiam
434 1028 501 1096 suis
524 1029 646 1096 civibus
662 1028 882 1115 explicandam
898 1035 1030 1113 putaret
1042 1030 1111 1122 ι44),
1134 1048 1199 1095 non

173 1132 373 1198 commodius
395 1133 429 1198 id
449 1133 576 1202 institui
587 1156 682 1220 posse
698 1133 930 1216 arbitrabatur,
953 1153 1051 1218 quam
1073 1130 1198 1200 sitires

172 1239 371 1305 anctoritate
393 1243 426 1304 et
446 1240 574 1324 ingenio
596 1245 810 1324 praestantes,
834 1241 891 1325 qui
912 1261 1009 1324 saepe
1028 1235 1067 1306 de
1083 1233 1199 1307 iisdem

170 1343 272 1409 rebus
295 1363 359 1410 non
379 1344 491 1410 eadem
513 1346 705 1427 sentiebant,
729 1369 788 1431 per
799 1344 963 1431 dialogum
978 1345 1198 1430 colloquentes

169 1449 258 1514 inter
280 1469 317 1514 se
338 1453 372 1514 et
392 1456 607 1534 repugnantes
629 1451 767 1517 alterum
791 1451 886 1517 alteri
908 1457 966 1520 aut
978 1451 1119 1518 breviter
1141 1456 1198 1518 aut

167 1552 372 1638 longioribus
393 1553 592 1620 orationibus
614 1555 808 1622 disserentes
830 1554 871 1622 de
892 1556 1002 1641 aliqua
1023 1577 1060 1622 re
1081 1575 1197 1640 magna

169 1657 204 1722 in
226 1656 359 1740 scriptis
381 1659 447 1724 suis
470 1658 653 1740 induceret,
683 1660 731 1724 ita
751 1660 907 1741 maxime,
935 1666 972 1726 ut
994 1666 1066 1728 tota
1087 1661 1197 1744 aliqua

169 1761 394 1848 philosophiae
416 1764 564 1847 quaestio
585 1762 627 1829 ab
649 1780 714 1828 uno
737 1762 845 1847 aliquo
857 1763 1026 1829 excellenti
1047 1764 1115 1830 viro
1139 1769 1197 1830 aut

168 1873 446 1954 pertractaretur,
479 1872 536 1932 aut
558 1873 671 1934 contra
692 1866 829 1933 aliorum
850 1868 1027 1946 sententias
1056 1869 1195 1934 munire·

168 1979 234 2040 tur.
288 1973 397 2056 Atque
434 1971 516 2038 hanc
550 1971 751 2055 colloquendi
783 1971 943 2037 rationem
970 1993 1007 2038 eo
1040 1971 1194 2040 libentius

169 2077 339 2163 amplexus
360 2083 425 2159 eet,
461 2096 525 2160 quo
553 2077 655 2161 magis
684 2078 748 2142 isto
775 2075 870 2142 modo
891 2074 1095 2160 philosophia
1122 2097 1196 2142 cum
1333 2067 1337 2076 ’

169 2183 357 2268 eloquentia
374 2182 465 2268 jungi
491 2186 629 2264 poterat
674 2179 768 2258 Quod
794 2181 823 2246 si
849 2181 950 2264 igitur
981 2179 1049 2246 iere
1080 2201 1121 2246 ne
1147 2181 1194 2247 sic

167 2271 300 2372 quidem
322 2284 531 2352 Aristotelem
551 2285 696 2352 imitatus
726 2289 777 2350 est
808 2305 868 2350 nec
899 2283 1021 2348 imitari
1053 2288 1193 2366 poterat,

169 2415 271 2477 quum
297 2411 373 2456 eum
401 2389 560 2476 ejusmodi
588 2388 746 2472 dialogos,
780 2388 815 2454 iu
844 2387 962 2473 quibus
994 2387 1194 2454 diversarum

167 2493 391 2582 philosophiae
412 2493 654 2578 disciplinarum
674 2496 851 2562 sectatores
872 2492 958 2560 inter
979 2513 1014 2558 sc
1027 2491 1194 2575 disputan·

167 2609 217 2668 tas
238 2599 424 2680 induceret,
455 2598 622 2682 scripsisse
643 2598 697 2664 vix
718 2595 870 2662 credibile
898 2596 956 2678 sit,
989 2602 1127 2680 apparet
1153 2597 1194 2664 dc

168 2704 355 2772 Aristotelia
375 2703 514 2788 dialogis
535 2724 578 2770 ne
598 2725 639 2770 ex
660 2702 815 2769 Cicerone
843 2700 973 2785 quidem
1002 2703 1083 2770 satis
1105 2708 1193 2770 certe

165 2811 305 2898 judicari
325 2826 432 2894 posse.

229 2913 306 2982 Jam
336 2918 447 2980 autem
479 2909 666 2978 difficillima
699 2911 846 2996 quaestio
876 2909 998 2991 oritur,
1033 2910 1193 2994 quomodo

167 3022 366 3084 Aristotelian
388 3017 443 3084 ille
464 3036 546 3096 mor,
569 3015 612 3080 ad
629 3036 725 3100 quem
742 3017 811 3100 jam
831 3020 1051 3094 transeamus,
1075 3013 1192 3080 intelli·

167 3124 291 3209 gendus
310 3123 369 3205 sit,
404 3141 468 3206 quo
491 3118 603 3186 Cicero
626 3141 661 3186 se
681 3118 783 3186 libros
806 3119 847 3186 de
868 3117 1002 3186 Finibus
1025 3119 1192 3201 scripsisse

167 3228 310 3298 affimat
326 3226 396 3311 rsa)⁸

250 3329 336 3396 Nam
355 3330 408 3396 iac
429 3349 502 3394 eum
524 3316 646 3396 morem
667 3348 705 3394 eo
727 3327 900 3404 contineri,
935 3323 1023 3409 quod
1053 3324 1190 3407 scriptor

165 3457 201 3502 se
222 3437 258 3502 in
279 3434 343 3500 illis
375 3431 469 3498 libris
499 3453 540 3498 ex
568 3452 628 3498 sna
660 3441 799 3514 persona
830 3429 990 3497 disserere
1024 3427 1190 3512 significet,

165 3561 230 3607 non
253 3539 354 3606 solnm
384 3535 572 3604 testimonia
594 3539 740 3601 veterum
765 3530 951 3599 Aristotelis
978 3532 1191 3616 interpretum

164 3649 197 3710 et
219 3643 285 3710 ulia
306 3645 510 3728 argumenta,
545 3635 654 3724 qualia
674 3657 774 3721 supra
794 3634 1003 3703 indicavimus
1016 3634 1092 3722 ¹4⁶),
1127 3653 1190 3720 quo

236 3865 303 3936 lii)
320 3867 354 3920 llo
372 3866 434 3920 Nat.
454 3865 530 3918 aar.
550 3867 576 3927 1,
593 3882 614 3918 o.
632 3867 664 3928 4,
682 3874 706 3916 et
722 3867 821 3930 mepiua
967 3860 1034 3930 145)
1051 3861 1095 3914 At
1112 3861 1190 3914 Arsa.

38 4015 45 4026 ,
161 3959 222 4022 itt,
243 3956 293 4018 la,
317 3959 350 4009 t:
376 3957 441 4016 Quae
465 3963 540 4006 cutem
566 3956 602 4006 his
625 3955 766 4018 temporibus
790 3955 885 4019 scripsi,
918 3949 1189 4020 Ἀριστοτέλην

160 4063 258 4100 ιιι-σι
276 4047 375 4108 hahent3
393 4047 417 4096 in
436 4059 482 4108 quo
500 4059 576 4094 sermo
593 4045 625 4094 ita
642 4043 755 4094 inducitur
773 4051 916 4106 oetcrnmm,
933 4051 958 4094 ut
977 4057 1047 4107 penes
1065 4042 1141 4104 ἰμιιω
1159 4041 1188 4091 uit

159 4135 307 4202 psham.
428 4131 492 4202 tlt>
511 4149 533 4198 p.
551 4130 586 4249 28
605 4141 681 4184 annot
704 4132 752 4184 12⁷
772 4134 819 4182 und
841 4132 899 4184 128.
