2966 5072
660 453 701 514 87

164 621 328 706 dialogum
350 623 491 688 scribere
510 623 545 687 in
572 621 790 704 disputatione
820 625 854 685 et
883 619 1005 686 alienas
1038 639 1194 702 personas

164 726 388 810 colloquentes
427 728 595 808 inducere,
636 727 795 810 scriptore
825 727 897 810 ipso
926 727 1068 805 tacente,
1102 745 1194 790 nemo

164 832 234 896 iere
263 852 328 896 non
363 832 507 900 crederet
540 833 656 910 fuisse,
691 853 787 915 quem
819 828 1041 896 Aristoteliam
1073 849 1195 894 morem

165 935 281 1002 Cicero
312 934 495 1018 significare
522 936 631 1011 vellet,
665 957 761 1019 quem
785 955 909 1000 morem
936 934 964 998 si
993 932 1065 1015 quis
1096 933 1193 997 etiam

162 1039 353 1124 diligentius
382 1039 547 1106 declarare
574 1040 683 1120 vellet,
716 1039 934 1123 proprietates
961 1036 1048 1102 illius
1076 1036 1194 1120 dialogi

162 1144 206 1208 de
227 1143 367 1209 Oratore
389 1145 526 1210 maxime
548 1145 739 1227 conspicuae
761 1142 922 1208 notandae
949 1141 980 1206 ei
1011 1145 1119 1206 essent
1146 1141 1193 1204 in·

164 1247 470 1332 vestigandumque,
494 1249 573 1332 quid
595 1248 714 1332 quibus
736 1248 771 1312 in
793 1246 889 1314 rebus
911 1245 1057 1312 differret
1079 1266 1100 1310 a
1121 1244 1192 1310 Pla·
1312 1315 1330 1334 κ

161 1353 250 1418 tonis
273 1353 410 1432 ratione,
440 1352 537 1433 talia,
572 1352 689 1436 quibus
710 1352 849 1418 inventis
870 1339 1017 1416 crederet
1048 1371 1082 1416 se
1103 1371 1193 1433 repe·

163 1458 256 1534 risse,
273 1477 370 1539 quem
386 1456 608 1522 Aristoteliam
622 1477 743 1522 morem
751 1454 862 1521 Cicero
874 1454 1018 1521 indicare
1030 1453 1192 1519 voluisset.

161 1562 268 1627 Simili
290 1561 401 1643 modo,
434 1561 462 1626 si
484 1560 568 1626 alter
596 1566 724 1628 tantum
744 1559 833 1624 locus
857 1564 943 1625 esset
966 1555 1130 1624 Ciceronis
1151 1556 1193 1620 ad

165 1669 257 1730 Attio.
288 1665 382 1746 XIII,
419 1669 474 1747 19,
516 1669 547 1729 4.
604 1664 714 1742 »Quae
753 1668 863 1730 autem
901 1663 952 1728 his
991 1659 1192 1744 temporibus

162 1770 290 1852 scripsi,
310 1767 552 1853 Ἀριστιιτάλειον
572 1789 694 1834 morem
716 1766 851 1848 habent3
873 1769 994 1851 inquo
1017 1787 1122 1832 sermo
1144 1766 1191 1830 ita

162 1873 329 1938 inducitur
350 1878 545 1952 ceterorum,
576 1877 614 1937 ιιι
635 1892 734 1955 penes
762 1873 869 1954 ipsum
895 1872 939 1936 sit
959 1871 1191 1955 principatus«,

163 1998 228 2042 uon
251 1975 466 2042 dubitandum
488 1981 588 2056 esset,
612 1976 690 2059 quin
715 1975 817 2058 quiris
839 1973 875 2040 id
889 1973 1070 2042 Aristotelii
1092 1975 1191 2040 moris

164 2081 332 2162 proprium
354 2079 564 2164 judicandum
596 2084 754 2160 censeret,
785 2079 873 2163 quod
902 2079 1041 2164 scriptor
1073 2078 1192 2162 dialogi

165 2205 229 2248 non
252 2183 358 2248 solum
380 2183 450 2267 ipse
472 2184 727 2267 colloqueretur,
761 2184 819 2250 sed
847 2185 947 2250 etiam
973 2184 1191 2268 principatum

166 2291 300 2352 teneret.
344 2285 389 2350 Et
404 2291 491 2352 reete
506 2287 635 2370 quidem
658 2288 713 2367 sic,
737 2309 835 2371 quum
858 2293 891 2354 ct
913 2310 953 2354 ex
973 2309 1009 2353 re
1031 2289 1103 2372 ipsa
1116 2308 1190 2354 oon-

163 2390 250 2458 tcota
270 2395 305 2456 et
326 2410 345 2454 e
365 2388 583 2457 declaratione
597 2397 632 2458 ct
644 2391 860 2475 descriptione
875 2396 953 2477 ejus,
976 2393 1032 2476 qui
1043 2391 1189 2470 confecit,

165 2497 285 2580 optime
314 2499 469 2582 cujusque
497 2497 545 2562 rei
579 2503 698 2563 natura
728 2497 877 2582 cognosci
905 2517 1002 2580 posse
1033 2496 1189 2561 videatur.

165 2600 271 2679 Quum
296 2606 406 2666 autem
437 2601 471 2666 in
504 2600 617 2666 eadem
649 2621 685 2665 re
716 2600 852 2667 alterius
887 2601 949 2667 loci
981 2601 1066 2666 ratio
1095 2598 1190 2664 alteri

166 2711 324 2788 repugnet
346 2711 380 2772 et
400 2705 566 2770 contraria
586 2704 644 2785 sit,
674 2725 740 2770 non
770 2705 878 2788 potuit
906 2703 993 2784 fieri,
1027 2704 1105 2788 quin
1125 2705 1189 2769 ista

164 2809 301 2874 duorum
323 2807 467 2874 locorum
489 2809 704 2894 repugnantia
723 2808 758 2874 in
780 2829 814 2874 se
829 2807 1065 2892 diligentissImi
1085 2810 1189 2892 cnjus·

163 2934 226 2996 que
260 2914 474 2997 cogitationes
507 2919 541 2980 et
572 2914 778 2998 quaestiones
809 2914 947 2979 maxime
979 2918 1188 2979 converteret.

163 3015 227 3082 Sed
248 3018 322 3100 quis
344 3023 439 3102 neget
459 3017 623 3102 plerisque
644 3017 680 3082 in
700 3016 762 3084 hac
784 3018 972 3103 quaestione
1000 3015 1189 3100 explicanda

161 3120 367 3186 versantibus
390 3121 496 3188 miuus
517 3141 672 3206 prospere
693 3139 763 3186 rem
784 3123 939 3200 cessisse,
961 3142 1076 3205 quum,
1105 3140 1188 3202 quae

162 3226 309 3308 quaestio
331 3226 473 3308 primum
493 3226 534 3292 ad
558 3223 776 3310 quaerendum
797 3225 998 3305 incitaverat,
1020 3244 1089 3288 earn
1115 3244 1188 3288 mox

162 3337 329 3414 tamquam
350 3335 478 3396 cautem
498 3330 641 3414 aliquam
661 3331 813 3396 timentes
828 3327 1187 3414 magispraetervehere

160 3455 258 3519 quam
288 3435 449 3519 attingere
478 3433 559 3500 velle
587 3434 795 3500 viderentur?
830 3433 960 3500 Dixeris
994 3431 1073 3500 nihil
1098 3431 1187 3498 aliud

160 3539 203 3604 iis
224 3539 425 3622 propositum
447 3559 535 3619 esse,
564 3539 628 3604 nisi
648 3543 687 3604 ut
708 3538 864 3622 quidquid
886 3539 929 3604 sit
955 3538 1187 3624 repugnantiae

160 3643 197 3708 in
217 3643 281 3708 illis
310 3642 404 3724 locis,
437 3643 472 3709 id
498 3642 653 3727 obtegant
676 3643 785 3727 potius
816 3643 867 3710 rel
891 3645 1056 3728 ignorent,
1090 3662 1187 3725 quam

159 3749 311 3830 aperiant
332 3751 433 3830 atque
454 3746 629 3814 illustrent.
685 3746 845 3812 Nimirum
870 3753 921 3818 est
945 3746 1007 3814 hoc
1027 3744 1186 3812 humanae

160 3849 420 3931 consuetudinis,
441 3856 479 3916 nt
499 3850 676 3934 periculum
697 3850 857 3936 quodque,
881 3873 944 3936 quo
966 3852 1023 3935 qui
1043 3848 1185 3932 implica·

159 3961 214 4020 tus
235 3955 294 4032 sit,
328 3955 435 4020 minus
463 3956 558 4022 facile
583 3977 619 4021 so
641 3954 792 4038 expediat
817 3976 948 4022 necesse
978 3955 1041 4034 sit,
1076 3952 1186 4018 statim

160 4057 204 4124 ab
226 4059 332 4139 initio,
355 4059 463 4143 quoad
485 4059 555 4126 fieri
570 4066 689 4144 potest,
712 4061 834 4126 evitare
867 4059 1028 4126 studeant.
1073 4055 1186 4140 Itaque

160 4161 203 4226 de
220 4161 409 4229 Aristotelio
430 4184 519 4230 more
540 4169 700 4248 quaerunt
714 4163 781 4230 fere
803 4164 859 4244 sic,
883 4161 977 4249 quasi
992 4159 1087 4244 plano
1103 4160 1187 4226 inter
