2934 5076
546 429 731 496 -3..

82 625 125 670 ass
143 625 210 670 esse
230 625 361 670 cauum
387 601 551 684 movendi,
579 623 640 668 nec
668 603 776 668 lacere
797 599 919 688 lignum
942 599 1058 664 lectum
1081 605 1137 664 sut
1158 618 1214 664 aes

80 723 208 792 seuam,
230 712 287 780 sed
310 711 398 780 aliud
421 712 497 801 quid
520 733 589 778 essa
613 709 795 779 mutationis
818 731 957 775 causam.
991 707 1085 774 Hauc
1106 716 1212 774 autem

81 845 227 912 quaerere,
249 824 281 890 id
297 823 358 890 eibi
374 823 466 904 velle,
488 821 644 910 indagare
659 823 794 888 alterum
810 841 978 886 causarum
993 839 1105 906 genus,
1127 817 1214 884 unde

81 935 228 1002 exordium
255 933 297 1001 sit
323 934 470 1000 motionis
482 933 516 1018 ¹).
562 931 627 1000 Sed
655 957 728 1000 cum
758 953 799 997 ne
829 929 911 996 duae
939 927 1068 1017 quidem
1097 949 1215 994 musae

80 1044 142 1110 ratis
179 1043 298 1111 meriut
334 1043 375 1110 ad
416 1053 520 1112 ortum
562 1067 670 1110 rerum
702 1051 916 1128 naturamque
951 1037 1213 1126 intellegendam,

80 1175 173 1220 rursus
195 1153 331 1221 veritate
358 1153 428 1242 ipsa
456 1155 661 1243 philosophos
683 1152 813 1218 tertiam
834 1161 871 1216 ut
891 1149 1125 1238 investigarent
1145 1171 1216 1215 esse

80 1261 204 1330 edutos.
249 1263 346 1346 Quod
374 1264 457 1331 enim
488 1266 571 1331 bene
597 1275 631 1330 et
655 1261 791 1352 pulchre
821 1260 903 1326 aliae
932 1283 985 1326 res
1007 1282 1042 1326 ee
1065 1261 1215 1342 habeant,

79 1373 206 1440 oriantur
220 1375 311 1456 aliae,
333 1397 440 1462 neque
455 1397 497 1440 ex
513 1374 678 1441 elementis
693 1395 822 1438 causam
837 1380 985 1460 repetere
1000 1371 1097 1438 licere
1111 1395 1217 1460 neque

80 1483 153 1550 omui
174 1507 252 1572 opus
273 1494 339 1550 tam
362 1508 513 1572 magnum
537 1496 668 1574 tamque
691 1484 892 1572 praeclarum
916 1503 986 1547 esse
1001 1484 1215 1552 tribuendum.

80 1589 123 1658 Sic
147 1593 298 1682 impulsos
330 1617 400 1661 esse
427 1597 652 1686 philosophos,
684 1573 721 1662 ut
753 1593 873 1660 ordinis
905 1594 1217 1685 pulchritudinisque

81 1725 148 1790 quse
173 1704 204 1770 in
232 1706 293 1772 hac
320 1727 426 1772 rerum
452 1707 664 1774 universitate
691 1713 841 1770 cernatur
874 1726 1004 1770 causam
1035 1689 1218 1774 statuerent

81 1825 213 1898 nentem,
237 1816 297 1882 hcc
320 1827 377 1900 est
399 1825 436 1882 ut
458 1818 691 1884 constituerent
704 1837 832 1881 eausam
849 1815 987 1881 finalem.
1033 1814 1090 1882 sin
1108 1827 1216 1883 autern

80 1923 189 1992 lnalem
210 1926 365 1993 sumimus
387 1949 526 2012 caumm,
549 1953 615 1996 una
636 1947 849 2016 agnoscamus
870 1945 1003 1990 necesse
1024 1935 1071 1992 est
1089 1949 1217 1993 cauum

80 2035 245 2120 formalem,
277 2037 398 2125 quippe
425 2061 510 2124 quae
536 2039 696 2106 artissime
723 2038 807 2104 inter
833 2058 869 2104 sc
891 2036 1095 2104 cohaereant.
1141 2038 1220 2127 Ipsa

81 2145 163 2230 igitur
182 2171 289 2214 rerum
310 2158 427 2214 natura
446 2149 654 2237 philosophos
681 2159 718 2214 ut
744 2157 896 2236 quattuor
917 2147 987 2214 illas
1010 2169 1123 2214 causes
1146 2170 1217 2214 con·

26 2301 27 2316 r
81 2255 230 2324 autument
250 2258 396 2324 adduxit.
426 2257 500 2337 Quo
516 2257 735 2326 demonstrato
752 2259 876 2346 reliqua
891 2280 975 2345 quae
990 2256 1030 2322 sb
1044 2258 1217 2324 Aristotele

26 2391 27 2400 2
81 2365 409 2456 umetaphysicorum
431 2369 514 2434 libro
536 2371 640 2457 primo
664 2369 705 2436 dc
727 2369 925 2457 superiorum
955 2367 1217 2456 philosophorum

26 2497 27 2550 f
81 2477 228 2544 sententiis
254 2478 426 2546 traduntur
447 2481 596 2546 omittere
621 2502 717 2569 posse
740 2479 832 2546 nobis
854 2479 1011 2563 videmur,
1040 2503 1111 2546 cum
1134 2499 1217 2569 quae

81 2585 168 2654 utre
196 2589 359 2677 disputata
383 2599 459 2656 suut
485 2591 650 2678 proposito
673 2599 782 2658 nostro
804 2590 975 2656 sufficiant.
1021 2589 1108 2657 Satis
1132 2590 1217 2656 enim

81 2700 305 2786 conprobatum
335 2722 406 2766 esse
432 2711 599 2788 putamus,
634 2711 785 2790 quattuor
812 2722 896 2789 quae
924 2699 1036 2766 statuit
1061 2700 1219 2789 principia

81 2807 267 2876 Aristotelem
288 2810 454 2900 repetiisse
477 2833 519 2878 ex
540 2811 612 2900 ipss
632 2835 740 2878 rerum
763 2822 888 2878 natura.

148 2921 212 2989 Sed
234 2922 298 2988 ism
320 2919 567 3010 progrediamur
588 2923 630 2988 ad
652 2945 811 2992 summam
840 2945 937 3010 quam
966 2923 1131 2990 coustituit
1152 2924 1218 3012 phi·

82 3027 215 3120 losophus
230 3053 371 3114 causam,
394 3031 435 3097 ad
452 3053 581 3100 causam
596 3023 726 3102 finalem
742 3034 924 3102 accuratius
940 3033 1217 3100 considerandam.

82 3139 273 3230 deprimam
295 3141 425 3230 quidem
457 3153 648 3230 argumenta
675 3143 791 3233 quibus
819 3167 891 3213 eam
920 3145 951 3210 iu
975 3166 1081 3210 rerum
1104 3155 1219 3212 natura

29 3269 30 3308 ;
81 3249 208 3320 elmere
230 3251 442 3342 comprobare
463 3252 584 3320 studuit
605 3256 792 3324 examinare
818 3256 923 3322 liceat.
966 3255 1051 3320 Nam
1074 3255 1218 3322 homines

82 3361 192 3446 quidem
214 3363 296 3432 lines
317 3361 378 3428 eibi
399 3385 580 3452 proponere
603 3374 701 3455 atque
723 3366 874 3456 persequi
894 3386 999 3451 posse,
1023 3366 1219 3432 demonstra·

29 3479 30 3498 ¹
82 3467 152 3536 dous
172 3495 269 3562 egere
290 3495 356 3539 non
377 3476 503 3561 putavit
511 3475 549 3564 ⁸).
594 3479 649 3546 Ex
678 3477 740 3543 illis
769 3489 877 3544 autem
900 3475 1098 3564 argumentis
1121 3497 1219 3542 unum

29 3575 31 3586 ¹
82 3575 130 3646 itm
160 3581 307 3652 vidimus.
353 3583 507 3652 Ordinem
536 3586 621 3652 enim
650 3587 695 3654 ait
722 3611 761 3652 ac
790 3587 1060 3676 pulchritudinem
1083 3607 1164 3674 quae
1186 3586 1219 3650 in

82 3685 259 3762 terrerum
284 3694 495 3762 universitate
525 3707 678 3764 cernatur
706 3698 856 3785 adegisse
883 3698 1103 3786 philosophos,
1137 3705 1173 3761 ut
1200 3718 1221 3760 s

82 3813 170 3870 uentu
188 3828 296 3872 rerum
317 3804 510 3894 principium
533 3818 692 3896 peterent
738 3807 834 3887 Quod
856 3808 1003 3896 quamvis
1020 3806 1219 3872 verissimum

82 3927 138 3978 esee
156 3916 321 3984 Aristoteli
349 3915 562 3985 concedamus
592 3927 690 4006 atque
721 3919 887 3986 hominum
914 3917 1036 3983 animos
1063 3913 1104 3981 ab
1133 3914 1220 3982 omui

82 4023 253 4114 tntiqoitste
280 4026 422 4094 maxime
452 4026 565 4096 mandi
591 4028 778 4119 ordinisque
813 4030 880 4096 eius
913 4037 946 4094 et
978 4024 1220 4115 pulchritudiuis

82 4147 203 4222 spectu
219 4149 256 4206 ut
269 4138 413 4206 divinum
429 4161 549 4208 numen
565 4149 789 4230 agnoscerent,
810 4160 882 4205 esse
897 4148 1073 4204 commotos
1088 4134 1221 4200 credere

83 4247 245 4332 conveniat,
279 4259 386 4316 tamen
416 4249 475 4318 hoc
507 4259 736 4340 argumentum
770 4251 847 4316 satis
875 4272 940 4316 non
973 4271 1043 4314 esea
1075 4253 1219 4334 apparet

86 4349 263 4372 5——

141 4389 158 4456 'l
176 4395 235 4452 Met.
253 4401 286 4462 Δ,
305 4400 329 4452 t.
348 4399 428 4452 984·
443 4403 538 4468 tesqq.

141 4481 158 4548 ¹)
175 4483 235 4538 seh.
253 4485 309 4538 Nic.
329 4485 351 4554 1,
373 4491 394 4540 t.
414 4487 450 4538 in.
487 4489 567 4542 Polit.
587 4487 608 4554 1,
633 4491 652 4538 l.
675 4487 714 4544 ln.

981 4571 1022 4646 1*
