<?xml version="1.0" encoding="UTF-8"?>
<!DOCTYPE html PUBLIC "-//W3C//DTD XHTML 1.0 Transitional//EN"
    "http://www.w3.org/TR/xhtml1/DTD/xhtml1-transitional.dtd">
<html xmlns="http://www.w3.org/1999/xhtml" xml:lang="en" lang="en">
 <head>
  <title>
</title>
<meta http-equiv="Content-Type" content="text/html;charset=utf-8" />
  <meta name='ocr-system' content='tesseract 3.04.00' />
  <meta name='ocr-capabilities' content='ocr_page ocr_carea ocr_par ocr_line ocrx_word'/>
</head>
<body>
  <div class='ocr_page' id='page_1' title='image "./dearistotelisez00thomgoog_0246.png"; bbox 0 0 2870 5076; ppageno 0'>
   <div class='ocr_carea' id='block_1_1' title="bbox 698 429 911 495">
    <p class='ocr_par' dir='ltr' id='par_1_1' title="bbox 698 429 911 495">
     <span class='ocr_line' id='line_1_1' title="bbox 698 429 911 495; baseline -0.005 -5"><span class='ocrx_word' id='word_1_1' title='bbox 698 429 911 495; x_wconf 52' lang='lat' dir='ltr'><strong>..eo-</strong></span> 
     </span>
    </p>
   </div>
   <div class='ocr_carea' id='block_1_2' title="bbox 214 323 1423 4114">
    <p class='ocr_par' dir='ltr' id='par_1_2' title="bbox 1422 323 1423 356">
     <span class='ocr_line' id='line_1_2' title="bbox 1422 323 1423 356; baseline 0 0"><span class='ocrx_word' id='word_1_2' title='bbox 1422 323 1423 356; x_wconf 91' lang='lat' dir='ltr'><strong>l</strong></span> 
     </span>
    </p>

    <p class='ocr_par' dir='ltr' id='par_1_3' title="bbox 1422 363 1423 396">
     <span class='ocr_line' id='line_1_3' title="bbox 1422 363 1423 396; baseline 0 0"><span class='ocrx_word' id='word_1_3' title='bbox 1422 363 1423 396; x_wconf 91' lang='lat' dir='ltr'><strong>l</strong></span> 
     </span>
    </p>

    <p class='ocr_par' dir='ltr' id='par_1_4' title="bbox 216 517 1423 3667">
     <span class='ocr_line' id='line_1_4' title="bbox 1422 517 1423 562; baseline 0 0"><span class='ocrx_word' id='word_1_4' title='bbox 1422 517 1423 562; x_wconf 82' lang='lat' dir='ltr'><strong>l</strong></span> 
     </span>
     <span class='ocr_line' id='line_1_5' title="bbox 228 585 1367 689; baseline 0.002 -24"><span class='ocrx_word' id='word_1_5' title='bbox 228 599 393 682; x_wconf 80' lang='lat' dir='ltr'><strong>stantiam,</strong></span> <span class='ocrx_word' id='word_1_6' title='bbox 427 610 543 666; x_wconf 88' lang='lat' dir='ltr'><strong>actum.</strong></span> <span class='ocrx_word' id='word_1_7' title='bbox 588 601 685 666; x_wconf 90' lang='lat' dir='ltr'><strong>Huno</strong></span> <span class='ocrx_word' id='word_1_8' title='bbox 722 611 828 668; x_wconf 89' lang='lat' dir='ltr'><strong>autem</strong></span> <span class='ocrx_word' id='word_1_9' title='bbox 861 603 893 666; x_wconf 94' lang='lat' dir='ltr'><strong>in</strong></span> <span class='ocrx_word' id='word_1_10' title='bbox 929 585 1059 669; x_wconf 88' lang='lat' dir='ltr'><strong>modum</strong></span> <span class='ocrx_word' id='word_1_11' title='bbox 1093 613 1204 668; x_wconf 86' lang='lat' dir='ltr'><strong>movet</strong></span> <span class='ocrx_word' id='word_1_12' title='bbox 1233 603 1264 668; x_wconf 94' lang='lat' dir='ltr'><strong>id</strong></span> <span class='ocrx_word' id='word_1_13' title='bbox 1294 601 1367 689; x_wconf 87' lang='lat' dir='ltr'><strong>quod</strong></span> 
     </span>
     <span class='ocr_line' id='line_1_6' title="bbox 228 709 1423 800; baseline 0.002 -26"><span class='ocrx_word' id='word_1_14' title='bbox 228 709 401 798; x_wconf 84' lang='lat' dir='ltr'><strong>appetibile</strong></span> <span class='ocrx_word' id='word_1_15' title='bbox 429 721 461 776; x_wconf 89' lang='lat' dir='ltr'><strong>et</strong></span> <span class='ocrx_word' id='word_1_16' title='bbox 488 710 574 798; x_wconf 90' lang='lat' dir='ltr'><strong>quod</strong></span> <span class='ocrx_word' id='word_1_17' title='bbox 602 710 774 796; x_wconf 84' lang='lat' dir='ltr'><strong>cogitabile</strong></span> <span class='ocrx_word' id='word_1_18' title='bbox 808 711 876 776; x_wconf 88' lang='lat' dir='ltr'><strong>sive</strong></span> <span class='ocrx_word' id='word_1_19' title='bbox 908 710 1116 798; x_wconf 87' lang='lat' dir='ltr'><strong>intellegibile</strong></span> <span class='ocrx_word' id='word_1_20' title='bbox 1150 723 1213 798; x_wconf 65' lang='grc' dir='ltr'><strong>θεῖς</strong></span> <span class='ocrx_word' id='word_1_21' title='bbox 1249 735 1367 800; x_wconf 85' lang='lat' dir='ltr'><strong>quorum</strong></span> <span class='ocrx_word' id='word_1_22' title='bbox 1422 735 1423 788; x_wconf 71' lang='lat'>3</span> 
     </span>
     <span class='ocr_line' id='line_1_7' title="bbox 227 816 1423 920; baseline 0.004 -37"><span class='ocrx_word' id='word_1_23' title='bbox 227 819 331 907; x_wconf 88' lang='lat' dir='ltr'><strong>prima</strong></span> <span class='ocrx_word' id='word_1_24' title='bbox 359 831 434 886; x_wconf 90' lang='lat' dir='ltr'><strong>sunt</strong></span> <span class='ocrx_word' id='word_1_25' title='bbox 457 820 583 902; x_wconf 88' lang='lat' dir='ltr'><strong>eadem,</strong></span> <span class='ocrx_word' id='word_1_26' title='bbox 616 825 670 902; x_wconf 87' lang='lat' dir='ltr'><strong>A,</strong></span> <span class='ocrx_word' id='word_1_27' title='bbox 696 821 725 885; x_wconf 82' lang='lat' dir='ltr'><strong>l.</strong></span> <span class='ocrx_word' id='word_1_28' title='bbox 755 821 943 885; x_wconf 65' lang='lat'>1072227:</span> <span class='ocrx_word' id='word_1_29' title='bbox 973 816 1100 890; x_wconf 76' lang='grc' dir='ltr'><strong><em>τούτων</em></strong></span> <span class='ocrx_word' id='word_1_30' title='bbox 1123 821 1167 890; x_wconf 79' lang='grc' dir='ltr'><strong>τὰ</strong></span> <span class='ocrx_word' id='word_1_31' title='bbox 1197 824 1309 909; x_wconf 76' lang='grc' dir='ltr'><strong><em>πρῶτα</em></strong></span> <span class='ocrx_word' id='word_1_32' title='bbox 1334 819 1367 888; x_wconf 80' lang='grc' dir='ltr'><strong>τὰ</strong></span> <span class='ocrx_word' id='word_1_33' title='bbox 1422 829 1423 920; x_wconf 65' lang='lat' dir='ltr'><strong>l</strong></span> 
     </span>
     <span class='ocr_line' id='line_1_8' title="bbox 227 923 1423 1020; baseline 0.001 -23"><span class='ocrx_word' id='word_1_34' title='bbox 227 923 322 1009; x_wconf 72' lang='lat' dir='ltr'><strong>arisel,</strong></span> <span class='ocrx_word' id='word_1_35' title='bbox 344 930 375 995; x_wconf 89' lang='lat' dir='ltr'><strong>b:</strong></span> <span class='ocrx_word' id='word_1_36' title='bbox 393 953 420 995; x_wconf 90' lang='lat' dir='ltr'><strong>e.</strong></span> <span class='ocrx_word' id='word_1_37' title='bbox 442 928 481 997; x_wconf 81' lang='grc' dir='ltr'><strong>τὸ</strong></span> <span class='ocrx_word' id='word_1_38' title='bbox 504 932 638 1018; x_wconf 73' lang='grc' dir='ltr'><strong><em>πρῶτον</em></strong></span> <span class='ocrx_word' id='word_1_39' title='bbox 662 924 796 1020; x_wconf 78' lang='grc' dir='ltr'><strong><em>ὀρεκτὸν</em></strong></span> <span class='ocrx_word' id='word_1_40' title='bbox 817 931 874 998; x_wconf 83' lang='grc' dir='ltr'><strong>καὶ</strong></span> <span class='ocrx_word' id='word_1_41' title='bbox 888 929 927 998; x_wconf 77' lang='lat' dir='ltr'><strong>td</strong></span> <span class='ocrx_word' id='word_1_42' title='bbox 944 935 1076 1019; x_wconf 76' lang='grc' dir='ltr'><strong><em>πρῶτον</em></strong></span> <span class='ocrx_word' id='word_1_43' title='bbox 1099 931 1217 1019; x_wconf 79' lang='grc' dir='ltr'><strong><em>νοητὸν</em></strong></span> <span class='ocrx_word' id='word_1_44' title='bbox 1238 930 1275 999; x_wconf 79' lang='lat' dir='ltr'><strong>ad</strong></span> <span class='ocrx_word' id='word_1_45' title='bbox 1299 925 1367 999; x_wconf 74' lang='grc' dir='ltr'><strong>αὐτό</strong></span> <span class='ocrx_word' id='word_1_46' title='bbox 1422 923 1423 1014; x_wconf 79' lang='lat' dir='ltr'><strong>l</strong></span> 
     </span>
     <span class='ocr_line' id='line_1_9' title="bbox 226 1023 1423 1132; baseline -0.002 -24"><span class='ocrx_word' id='word_1_47' title='bbox 226 1036 326 1120; x_wconf 75' lang='grc' dir='ltr'><strong><em>ἔστιν,</em></strong></span> <span class='ocrx_word' id='word_1_48' title='bbox 353 1065 426 1106; x_wconf 90' lang='lat' dir='ltr'><strong>nos:</strong></span> <span class='ocrx_word' id='word_1_49' title='bbox 463 1041 529 1122; x_wconf 89' lang='lat' dir='ltr'><strong>„sie</strong></span> <span class='ocrx_word' id='word_1_50' title='bbox 557 1039 653 1106; x_wconf 82' lang='lat' dir='ltr'><strong>fallen</strong></span> <span class='ocrx_word' id='word_1_51' title='bbox 687 1043 901 1108; x_wconf 80' lang='lat' dir='ltr'><strong>zusammen.“</strong></span> <span class='ocrx_word' id='word_1_52' title='bbox 948 1042 1116 1132; x_wconf 77' lang='lat' dir='ltr'><strong>Cupiditas</strong></span> <span class='ocrx_word' id='word_1_53' title='bbox 1146 1045 1232 1112; x_wconf 89' lang='lat' dir='ltr'><strong>enim</strong></span> <span class='ocrx_word' id='word_1_54' title='bbox 1261 1043 1368 1130; x_wconf 90' lang='lat' dir='ltr'><strong>appetit</strong></span> <span class='ocrx_word' id='word_1_55' title='bbox 1422 1023 1423 1068; x_wconf 69' lang='lat' dir='ltr'><strong>l</strong></span> 
     </span>
     <span class='ocr_line' id='line_1_10' title="bbox 226 1151 1369 1242; baseline 0.001 -25"><span class='ocrx_word' id='word_1_56' title='bbox 226 1151 258 1217; x_wconf 91' lang='lat' dir='ltr'><strong>id</strong></span> <span class='ocrx_word' id='word_1_57' title='bbox 288 1152 372 1239; x_wconf 89' lang='lat' dir='ltr'><strong>quod</strong></span> <span class='ocrx_word' id='word_1_58' title='bbox 402 1151 570 1237; x_wconf 89' lang='lat' dir='ltr'><strong>pulchrum</strong></span> <span class='ocrx_word' id='word_1_59' title='bbox 599 1173 669 1217; x_wconf 88' lang='lat' dir='ltr'><strong>esse</strong></span> <span class='ocrx_word' id='word_1_60' title='bbox 697 1151 834 1234; x_wconf 88' lang='lat' dir='ltr'><strong>videtur,</strong></span> <span class='ocrx_word' id='word_1_61' title='bbox 868 1163 979 1219; x_wconf 86' lang='lat' dir='ltr'><strong>contra</strong></span> <span class='ocrx_word' id='word_1_62' title='bbox 1006 1154 1168 1236; x_wconf 88' lang='lat' dir='ltr'><strong>voluntas,</strong></span> <span class='ocrx_word' id='word_1_63' title='bbox 1204 1153 1288 1242; x_wconf 93' lang='lat' dir='ltr'><strong>quod</strong></span> <span class='ocrx_word' id='word_1_64' title='bbox 1313 1153 1369 1240; x_wconf 92' lang='lat' dir='ltr'><strong>pul·</strong></span> 
     </span>
     <span class='ocr_line' id='line_1_11' title="bbox 226 1261 1369 1352; baseline 0 -25"><span class='ocrx_word' id='word_1_65' title='bbox 226 1263 339 1328; x_wconf 90' lang='lat' dir='ltr'><strong>chrum</strong></span> <span class='ocrx_word' id='word_1_66' title='bbox 362 1271 419 1326; x_wconf 87' lang='lat' dir='ltr'><strong>est.</strong></span> <span class='ocrx_word' id='word_1_67' title='bbox 464 1261 658 1349; x_wconf 85' lang='lat' dir='ltr'><strong>Appetimus</strong></span> <span class='ocrx_word' id='word_1_68' title='bbox 686 1271 793 1328; x_wconf 89' lang='lat' dir='ltr'><strong>autem</strong></span> <span class='ocrx_word' id='word_1_69' title='bbox 822 1264 929 1348; x_wconf 91' lang='lat' dir='ltr'><strong>potius</strong></span> <span class='ocrx_word' id='word_1_70' title='bbox 952 1274 1124 1352; x_wconf 88' lang='lat' dir='ltr'><strong>propterea</strong></span> <span class='ocrx_word' id='word_1_71' title='bbox 1148 1264 1236 1352; x_wconf 88' lang='lat' dir='ltr'><strong>quod</strong></span> <span class='ocrx_word' id='word_1_72' title='bbox 1258 1263 1369 1328; x_wconf 87' lang='lat' dir='ltr'><strong>videtur</strong></span> 
     </span>
     <span class='ocr_line' id='line_1_12' title="bbox 226 1370 1369 1461; baseline 0.001 -24"><span class='ocrx_word' id='word_1_73' title='bbox 226 1370 348 1461; x_wconf 91' lang='lat' dir='ltr'><strong>aliquid</strong></span> <span class='ocrx_word' id='word_1_74' title='bbox 371 1371 541 1460; x_wconf 90' lang='lat' dir='ltr'><strong>pulchrum</strong></span> <span class='ocrx_word' id='word_1_75' title='bbox 565 1393 644 1452; x_wconf 88' lang='lat' dir='ltr'><strong>esse,</strong></span> <span class='ocrx_word' id='word_1_76' title='bbox 669 1394 764 1458; x_wconf 90' lang='lat' dir='ltr'><strong>quam</strong></span> <span class='ocrx_word' id='word_1_77' title='bbox 788 1373 956 1460; x_wconf 89' lang='lat' dir='ltr'><strong>pulchrum</strong></span> <span class='ocrx_word' id='word_1_78' title='bbox 973 1373 1051 1438; x_wconf 89' lang='lat' dir='ltr'><strong>illud</strong></span> <span class='ocrx_word' id='word_1_79' title='bbox 1067 1374 1197 1440; x_wconf 75' lang='lat' dir='ltr'><strong>videtne</strong></span> <span class='ocrx_word' id='word_1_80' title='bbox 1212 1382 1369 1461; x_wconf 83' lang='lat' dir='ltr'><strong>propterea</strong></span> 
     </span>
     <span class='ocr_line' id='line_1_13' title="bbox 226 1480 1368 1572; baseline 0 -24"><span class='ocrx_word' id='word_1_81' title='bbox 226 1483 312 1572; x_wconf 92' lang='lat' dir='ltr'><strong>quod</strong></span> <span class='ocrx_word' id='word_1_82' title='bbox 334 1483 523 1570; x_wconf 88' lang='lat' dir='ltr'><strong>appetimus.</strong></span> <span class='ocrx_word' id='word_1_83' title='bbox 569 1482 653 1547; x_wconf 85' lang='lat' dir='ltr'><strong>Nam</strong></span> <span class='ocrx_word' id='word_1_84' title='bbox 676 1480 868 1568; x_wconf 87' lang='lat' dir='ltr'><strong>principium</strong></span> <span class='ocrx_word' id='word_1_85' title='bbox 890 1493 938 1550; x_wconf 91' lang='lat' dir='ltr'><strong>est</strong></span> <span class='ocrx_word' id='word_1_86' title='bbox 960 1483 1124 1570; x_wconf 81' lang='lat' dir='ltr'><strong>cogitatio.</strong></span> <span class='ocrx_word' id='word_1_87' title='bbox 1169 1483 1275 1569; x_wconf 89' lang='lat' dir='ltr'><strong>(Nihil</strong></span> <span class='ocrx_word' id='word_1_88' title='bbox 1297 1481 1368 1548; x_wconf 87' lang='lat' dir='ltr'><strong>enim</strong></span> 
     </span>
     <span class='ocr_line' id='line_1_14' title="bbox 225 1591 1370 1682; baseline -0.003 -23"><span class='ocrx_word' id='word_1_89' title='bbox 225 1603 380 1682; x_wconf 89' lang='lat' dir='ltr'><strong>appetere</strong></span> <span class='ocrx_word' id='word_1_90' title='bbox 403 1615 590 1681; x_wconf 88' lang='lat' dir='ltr'><strong>possumus,</strong></span> <span class='ocrx_word' id='word_1_91' title='bbox 614 1591 674 1657; x_wconf 88' lang='lat' dir='ltr'><strong>nisi</strong></span> <span class='ocrx_word' id='word_1_92' title='bbox 699 1593 784 1680; x_wconf 92' lang='lat' dir='ltr'><strong>quod</strong></span> <span class='ocrx_word' id='word_1_93' title='bbox 808 1603 903 1659; x_wconf 87' lang='lat' dir='ltr'><strong>antea</strong></span> <span class='ocrx_word' id='word_1_94' title='bbox 926 1593 1159 1680; x_wconf 84' lang='lat' dir='ltr'><strong>cogitavimus).</strong></span> <span class='ocrx_word' id='word_1_95' title='bbox 1196 1592 1370 1660; x_wconf 78' lang='lat' dir='ltr'><strong>Intellectus</strong></span> 
     </span>
     <span class='ocr_line' id='line_1_15' title="bbox 225 1701 1366 1789; baseline -0.004 -20"><span class='ocrx_word' id='word_1_96' title='bbox 225 1713 332 1769; x_wconf 88' lang='lat' dir='ltr'><strong>antem</strong></span> <span class='ocrx_word' id='word_1_97' title='bbox 355 1704 513 1769; x_wconf 85' lang='lat' dir='ltr'><strong>excitatur</strong></span> <span class='ocrx_word' id='word_1_98' title='bbox 536 1723 573 1766; x_wconf 90' lang='lat' dir='ltr'><strong>eo</strong></span> <span class='ocrx_word' id='word_1_99' title='bbox 597 1701 683 1789; x_wconf 92' lang='lat' dir='ltr'><strong>quod</strong></span> <span class='ocrx_word' id='word_1_100' title='bbox 705 1702 916 1789; x_wconf 83' lang='lat' dir='ltr'><strong>intellegibile</strong></span> <span class='ocrx_word' id='word_1_101' title='bbox 938 1713 1001 1787; x_wconf 65' lang='grc' dir='ltr'><strong>θεῖς</strong></span> <span class='ocrx_word' id='word_1_102' title='bbox 1032 1703 1251 1788; x_wconf 78' lang='lat' dir='ltr'><strong>intellegibilis</strong></span> <span class='ocrx_word' id='word_1_103' title='bbox 1274 1711 1366 1768; x_wconf 88' lang='lat' dir='ltr'><strong>autem</strong></span> 
     </span>
     <span class='ocr_line' id='line_1_16' title="bbox 223 1811 1369 1902; baseline 0 -25"><span class='ocrx_word' id='word_1_104' title='bbox 223 1835 282 1900; x_wconf 88' lang='lat' dir='ltr'><strong>per</strong></span> <span class='ocrx_word' id='word_1_105' title='bbox 304 1835 338 1877; x_wconf 90' lang='lat' dir='ltr'><strong>se</strong></span> <span class='ocrx_word' id='word_1_106' title='bbox 361 1823 409 1876; x_wconf 87' lang='lat' dir='ltr'><strong>est</strong></span> <span class='ocrx_word' id='word_1_107' title='bbox 430 1813 532 1877; x_wconf 88' lang='lat' dir='ltr'><strong>altera</strong></span> <span class='ocrx_word' id='word_1_108' title='bbox 560 1812 672 1894; x_wconf 88' lang='lat' dir='ltr'><strong>series,</strong></span> <span class='ocrx_word' id='word_1_109' title='bbox 701 1811 780 1899; x_wconf 83' lang='lat' dir='ltr'><strong>(qus</strong></span> <span class='ocrx_word' id='word_1_110' title='bbox 808 1815 1010 1881; x_wconf 88' lang='lat' dir='ltr'><strong>continentur</strong></span> <span class='ocrx_word' id='word_1_111' title='bbox 1042 1835 1188 1901; x_wconf 84' lang='lat' dir='ltr'><strong>eaquae</strong></span> <span class='ocrx_word' id='word_1_112' title='bbox 1219 1835 1278 1902; x_wconf 89' lang='lat' dir='ltr'><strong>per·</strong></span> <span class='ocrx_word' id='word_1_113' title='bbox 1298 1811 1369 1878; x_wconf 85' lang='lat' dir='ltr'><strong>affir-</strong></span> 
     </span>
     <span class='ocr_line' id='line_1_17' title="bbox 224 1921 1369 2010; baseline -0.003 -23"><span class='ocrx_word' id='word_1_114' title='bbox 224 1922 395 1988; x_wconf 86' lang='lat' dir='ltr'><strong>mationem</strong></span> <span class='ocrx_word' id='word_1_115' title='bbox 424 1921 650 2008; x_wconf 87' lang='lat' dir='ltr'><strong>definiuntur),</strong></span> <span class='ocrx_word' id='word_1_116' title='bbox 677 1932 774 2010; x_wconf 84' lang='lat' dir='ltr'><strong>atque</strong></span> <span class='ocrx_word' id='word_1_117' title='bbox 802 1923 908 1988; x_wconf 89' lang='lat' dir='ltr'><strong>huius·</strong></span> <span class='ocrx_word' id='word_1_118' title='bbox 924 1923 1028 2010; x_wconf 86' lang='lat' dir='ltr'><strong>prima</strong></span> <span class='ocrx_word' id='word_1_119' title='bbox 1055 1923 1251 2005; x_wconf 85' lang='lat' dir='ltr'><strong>substantia,</strong></span> <span class='ocrx_word' id='word_1_120' title='bbox 1285 1931 1369 2008; x_wconf 88' lang='lat' dir='ltr'><strong>atque</strong></span> 
     </span>
     <span class='ocr_line' id='line_1_18' title="bbox 224 2032 1368 2122; baseline -0.003 -26"><span class='ocrx_word' id='word_1_121' title='bbox 224 2032 316 2097; x_wconf 91' lang='lat' dir='ltr'><strong>buius</strong></span> <span class='ocrx_word' id='word_1_122' title='bbox 339 2053 377 2096; x_wconf 88' lang='lat' dir='ltr'><strong>ea</strong></span> <span class='ocrx_word' id='word_1_123' title='bbox 400 2056 483 2120; x_wconf 88' lang='lat' dir='ltr'><strong>quae</strong></span> <span class='ocrx_word' id='word_1_124' title='bbox 506 2033 644 2121; x_wconf 87' lang='lat' dir='ltr'><strong>simplex</strong></span> <span class='ocrx_word' id='word_1_125' title='bbox 667 2044 715 2098; x_wconf 90' lang='lat' dir='ltr'><strong>est</strong></span> <span class='ocrx_word' id='word_1_126' title='bbox 738 2044 771 2100; x_wconf 88' lang='lat' dir='ltr'><strong>et</strong></span> <span class='ocrx_word' id='word_1_127' title='bbox 792 2055 919 2122; x_wconf 87' lang='lat' dir='ltr'><strong>semper</strong></span> <span class='ocrx_word' id='word_1_128' title='bbox 940 2033 973 2098; x_wconf 90' lang='lat' dir='ltr'><strong>in</strong></span> <span class='ocrx_word' id='word_1_129' title='bbox 996 2043 1070 2100; x_wconf 83' lang='lat' dir='ltr'><strong>ectu</strong></span> <span class='ocrx_word' id='word_1_130' title='bbox 1093 2042 1252 2100; x_wconf 85' lang='lat' dir='ltr'><strong>versatur.</strong></span> <span class='ocrx_word' id='word_1_131' title='bbox 1289 2032 1368 2098; x_wconf 84' lang='lat' dir='ltr'><strong>Haeo</strong></span> 
     </span>
     <span class='ocr_line' id='line_1_19' title="bbox 223 2139 1368 2230; baseline -0.003 -23"><span class='ocrx_word' id='word_1_132' title='bbox 223 2141 402 2210; x_wconf 86' lang='lat' dir='ltr'><strong>substantia</strong></span> <span class='ocrx_word' id='word_1_133' title='bbox 419 2152 468 2208; x_wconf 86' lang='lat' dir='ltr'><strong>est</strong></span> <span class='ocrx_word' id='word_1_134' title='bbox 489 2144 625 2230; x_wconf 88' lang='lat' dir='ltr'><strong>primurn</strong></span> <span class='ocrx_word' id='word_1_135' title='bbox 648 2142 868 2230; x_wconf 87' lang='lat' dir='ltr'><strong>intellegibile.</strong></span> <span class='ocrx_word' id='word_1_136' title='bbox 900 2142 967 2208; x_wconf 86' lang='lat' dir='ltr'><strong>Sed</strong></span> <span class='ocrx_word' id='word_1_137' title='bbox 989 2143 1085 2210; x_wconf 89' lang='lat' dir='ltr'><strong>etiam</strong></span> <span class='ocrx_word' id='word_1_138' title='bbox 1108 2144 1230 2210; x_wconf 90' lang='lat' dir='ltr'><strong>bonum</strong></span> <span class='ocrx_word' id='word_1_139' title='bbox 1246 2153 1279 2208; x_wconf 85' lang='lat' dir='ltr'><strong>et</strong></span> <span class='ocrx_word' id='word_1_140' title='bbox 1294 2139 1368 2230; x_wconf 91' lang='lat' dir='ltr'><strong>quod</strong></span> 
     </span>
     <span class='ocr_line' id='line_1_20' title="bbox 222 2248 1367 2342; baseline -0.003 -23"><span class='ocrx_word' id='word_1_141' title='bbox 222 2277 280 2342; x_wconf 86' lang='lat' dir='ltr'><strong>per</strong></span> <span class='ocrx_word' id='word_1_142' title='bbox 303 2276 337 2318; x_wconf 91' lang='lat' dir='ltr'><strong>se</strong></span> <span class='ocrx_word' id='word_1_143' title='bbox 360 2253 534 2340; x_wconf 86' lang='lat' dir='ltr'><strong>appetibile</strong></span> <span class='ocrx_word' id='word_1_144' title='bbox 557 2264 606 2319; x_wconf 86' lang='lat' dir='ltr'><strong>est</strong></span> <span class='ocrx_word' id='word_1_145' title='bbox 627 2254 738 2320; x_wconf 89' lang='lat' dir='ltr'><strong>eadem</strong></span> <span class='ocrx_word' id='word_1_146' title='bbox 770 2255 853 2319; x_wconf 87' lang='lat' dir='ltr'><strong>serie</strong></span> <span class='ocrx_word' id='word_1_147' title='bbox 885 2254 1076 2334; x_wconf 83' lang='lat' dir='ltr'><strong>continetur,</strong></span> <span class='ocrx_word' id='word_1_148' title='bbox 1107 2263 1204 2342; x_wconf 86' lang='lat' dir='ltr'><strong>atque</strong></span> <span class='ocrx_word' id='word_1_149' title='bbox 1235 2254 1268 2320; x_wconf 90' lang='lat' dir='ltr'><strong>id</strong></span> <span class='ocrx_word' id='word_1_150' title='bbox 1294 2248 1367 2340; x_wconf 90' lang='lat' dir='ltr'><strong>quod</strong></span> 
     </span>
     <span class='ocr_line' id='line_1_21' title="bbox 222 2361 1368 2452; baseline -0.002 -24"><span class='ocrx_word' id='word_1_151' title='bbox 222 2365 359 2452; x_wconf 90' lang='lat' dir='ltr'><strong>primum</strong></span> <span class='ocrx_word' id='word_1_152' title='bbox 383 2372 431 2428; x_wconf 88' lang='lat' dir='ltr'><strong>est</strong></span> <span class='ocrx_word' id='word_1_153' title='bbox 452 2361 538 2428; x_wconf 86' lang='lat' dir='ltr'><strong>idern</strong></span> <span class='ocrx_word' id='word_1_154' title='bbox 560 2385 688 2451; x_wconf 88' lang='lat' dir='ltr'><strong>semper</strong></span> <span class='ocrx_word' id='word_1_155' title='bbox 711 2365 868 2451; x_wconf 89' lang='lat' dir='ltr'><strong>optimum</strong></span> <span class='ocrx_word' id='word_1_156' title='bbox 891 2375 940 2428; x_wconf 84' lang='lat' dir='ltr'><strong>est</strong></span> <span class='ocrx_word' id='word_1_157' title='bbox 963 2363 1072 2431; x_wconf 86' lang='lat' dir='ltr'><strong>antid</strong></span> <span class='ocrx_word' id='word_1_158' title='bbox 1096 2364 1183 2452; x_wconf 93' lang='lat' dir='ltr'><strong>quod</strong></span> <span class='ocrx_word' id='word_1_159' title='bbox 1198 2365 1228 2431; x_wconf 91' lang='lat' dir='ltr'><strong>ei</strong></span> <span class='ocrx_word' id='word_1_160' title='bbox 1252 2385 1368 2451; x_wconf 89' lang='lat' dir='ltr'><strong>respon·</strong></span> 
     </span>
     <span class='ocr_line' id='line_1_22' title="bbox 222 2473 1367 2562; baseline -0.003 -23"><span class='ocrx_word' id='word_1_161' title='bbox 222 2474 306 2539; x_wconf 90' lang='lat' dir='ltr'><strong>deat.</strong></span> <span class='ocrx_word' id='word_1_162' title='bbox 345 2473 460 2559; x_wconf 87' lang='lat' dir='ltr'><strong>Itaque</strong></span> <span class='ocrx_word' id='word_1_163' title='bbox 484 2475 640 2561; x_wconf 90' lang='lat' dir='ltr'><strong>optimum</strong></span> <span class='ocrx_word' id='word_1_164' title='bbox 664 2485 712 2539; x_wconf 90' lang='lat' dir='ltr'><strong>est</strong></span> <span class='ocrx_word' id='word_1_165' title='bbox 734 2474 914 2541; x_wconf 87' lang='lat' dir='ltr'><strong>substantia</strong></span> <span class='ocrx_word' id='word_1_166' title='bbox 937 2475 1075 2562; x_wconf 84' lang='lat' dir='ltr'><strong>simplex</strong></span> <span class='ocrx_word' id='word_1_167' title='bbox 1098 2485 1130 2540; x_wconf 86' lang='lat' dir='ltr'><strong>et</strong></span> <span class='ocrx_word' id='word_1_168' title='bbox 1152 2495 1283 2562; x_wconf 86' lang='lat' dir='ltr'><strong>semper</strong></span> <span class='ocrx_word' id='word_1_169' title='bbox 1303 2482 1367 2540; x_wconf 86' lang='lat' dir='ltr'><strong>actu</strong></span> 
     </span>
     <span class='ocr_line' id='line_1_23' title="bbox 222 2584 1366 2674; baseline -0.005 -24"><span class='ocrx_word' id='word_1_170' title='bbox 222 2584 414 2668; x_wconf 71' lang='lat' dir='ltr'><strong>consistens,</strong></span> <span class='ocrx_word' id='word_1_171' title='bbox 438 2607 576 2672; x_wconf 85' lang='lat' dir='ltr'><strong>cumque</strong></span> <span class='ocrx_word' id='word_1_172' title='bbox 599 2585 757 2672; x_wconf 89' lang='lat' dir='ltr'><strong>optimum</strong></span> <span class='ocrx_word' id='word_1_173' title='bbox 780 2585 838 2666; x_wconf 90' lang='lat' dir='ltr'><strong>sit,</strong></span> <span class='ocrx_word' id='word_1_174' title='bbox 862 2584 958 2649; x_wconf 90' lang='lat' dir='ltr'><strong>etiam</strong></span> <span class='ocrx_word' id='word_1_175' title='bbox 982 2585 1156 2674; x_wconf 82' lang='lat' dir='ltr'><strong>appetibile</strong></span> <span class='ocrx_word' id='word_1_176' title='bbox 1179 2592 1366 2672; x_wconf 82' lang='lat' dir='ltr'><strong>persecet.</strong></span> 
     </span>
     <span class='ocr_line' id='line_1_24' title="bbox 221 2694 1368 2783; baseline -0.004 -20"><span class='ocrx_word' id='word_1_177' title='bbox 221 2695 411 2763; x_wconf 83' lang='lat' dir='ltr'><strong>Substantia</strong></span> <span class='ocrx_word' id='word_1_178' title='bbox 432 2694 530 2780; x_wconf 89' lang='lat' dir='ltr'><strong>igitur</strong></span> <span class='ocrx_word' id='word_1_179' title='bbox 552 2695 607 2760; x_wconf 88' lang='lat' dir='ltr'><strong>illa</strong></span> <span class='ocrx_word' id='word_1_180' title='bbox 629 2706 678 2760; x_wconf 91' lang='lat' dir='ltr'><strong>est</strong></span> <span class='ocrx_word' id='word_1_181' title='bbox 707 2698 845 2783; x_wconf 90' lang='lat' dir='ltr'><strong>primum</strong></span> <span class='ocrx_word' id='word_1_182' title='bbox 872 2695 1084 2782; x_wconf 84' lang='lat' dir='ltr'><strong>intellegibile</strong></span> <span class='ocrx_word' id='word_1_183' title='bbox 1107 2705 1139 2760; x_wconf 90' lang='lat' dir='ltr'><strong>et</strong></span> <span class='ocrx_word' id='word_1_184' title='bbox 1160 2696 1300 2782; x_wconf 86' lang='lat' dir='ltr'><strong>primum</strong></span> <span class='ocrx_word' id='word_1_185' title='bbox 1323 2717 1368 2780; x_wconf 88' lang='lat' dir='ltr'><strong>ap·</strong></span> 
     </span>
     <span class='ocr_line' id='line_1_25' title="bbox 219 2805 1366 2893; baseline -0.002 -23"><span class='ocrx_word' id='word_1_186' title='bbox 219 2805 369 2893; x_wconf 85' lang='lat' dir='ltr'><strong>petibile,</strong></span> <span class='ocrx_word' id='word_1_187' title='bbox 398 2815 496 2893; x_wconf 89' lang='lat' dir='ltr'><strong>atque</strong></span> <span class='ocrx_word' id='word_1_188' title='bbox 518 2807 559 2871; x_wconf 96' lang='lat' dir='ltr'><strong>ob</strong></span> <span class='ocrx_word' id='word_1_189' title='bbox 583 2829 655 2872; x_wconf 91' lang='lat' dir='ltr'><strong>eam</strong></span> <span class='ocrx_word' id='word_1_190' title='bbox 678 2828 808 2872; x_wconf 87' lang='lat' dir='ltr'><strong>causam</strong></span> <span class='ocrx_word' id='word_1_191' title='bbox 829 2807 902 2872; x_wconf 88' lang='lat' dir='ltr'><strong>finis</strong></span> <span class='ocrx_word' id='word_1_192' title='bbox 926 2829 1079 2872; x_wconf 91' lang='lat' dir='ltr'><strong>summus.</strong></span> <span class='ocrx_word' id='word_1_193' title='bbox 1124 2805 1257 2872; x_wconf 83' lang='lat' dir='ltr'><strong>Etenim</strong></span> <span class='ocrx_word' id='word_1_194' title='bbox 1280 2806 1366 2872; x_wconf 87' lang='lat' dir='ltr'><strong>finem</strong></span> 
     </span>
     <span class='ocr_line' id='line_1_26' title="bbox 218 2913 1368 3003; baseline -0.003 -23"><span class='ocrx_word' id='word_1_195' title='bbox 218 2917 251 2982; x_wconf 93' lang='lat' dir='ltr'><strong>in</strong></span> <span class='ocrx_word' id='word_1_196' title='bbox 273 2917 491 2983; x_wconf 90' lang='lat' dir='ltr'><strong>immobilibus</strong></span> <span class='ocrx_word' id='word_1_197' title='bbox 513 2939 584 2984; x_wconf 89' lang='lat' dir='ltr'><strong>esse</strong></span> <span class='ocrx_word' id='word_1_198' title='bbox 607 2916 814 3002; x_wconf 84' lang='lat' dir='ltr'><strong>intellegitur,</strong></span> <span class='ocrx_word' id='word_1_199' title='bbox 842 2917 897 2983; x_wconf 91' lang='lat' dir='ltr'><strong>ubi</strong></span> <span class='ocrx_word' id='word_1_200' title='bbox 923 2917 996 2982; x_wconf 87' lang='lat' dir='ltr'><strong>finis</strong></span> <span class='ocrx_word' id='word_1_201' title='bbox 1023 2915 1188 2981; x_wconf 87' lang='lat' dir='ltr'><strong>notionem</strong></span> <span class='ocrx_word' id='word_1_202' title='bbox 1212 2913 1368 3003; x_wconf 87' lang='lat' dir='ltr'><strong>distingui-</strong></span> 
     </span>
     <span class='ocr_line' id='line_1_27' title="bbox 218 3011 1368 3116; baseline -0.003 -22"><span class='ocrx_word' id='word_1_203' title='bbox 218 3051 288 3094; x_wconf 90' lang='lat' dir='ltr'><strong>mus</strong></span> <span class='ocrx_word' id='word_1_204' title='bbox 311 3038 407 3116; x_wconf 89' lang='lat' dir='ltr'><strong>atque</strong></span> <span class='ocrx_word' id='word_1_205' title='bbox 430 3028 462 3093; x_wconf 92' lang='lat' dir='ltr'><strong>in</strong></span> <span class='ocrx_word' id='word_1_206' title='bbox 485 3049 605 3114; x_wconf 86' lang='lat' dir='ltr'><strong>genera</strong></span> <span class='ocrx_word' id='word_1_207' title='bbox 628 3049 685 3092; x_wconf 90' lang='lat' dir='ltr'><strong>sua</strong></span> <span class='ocrx_word' id='word_1_208' title='bbox 708 3025 888 3094; x_wconf 89' lang='lat' dir='ltr'><strong>dividimus.</strong></span> <span class='ocrx_word' id='word_1_209' title='bbox 934 3027 1067 3114; x_wconf 87' lang='lat' dir='ltr'><strong>Duplex</strong></span> <span class='ocrx_word' id='word_1_210' title='bbox 1096 3025 1182 3092; x_wconf 91' lang='lat' dir='ltr'><strong>enim</strong></span> <span class='ocrx_word' id='word_1_211' title='bbox 1205 3035 1256 3092; x_wconf 88' lang='lat' dir='ltr'><strong>est</strong></span> <span class='ocrx_word' id='word_1_212' title='bbox 1275 3023 1313 3094; x_wconf 78' lang='lat' dir='ltr'><strong>ud</strong></span> <span class='ocrx_word' id='word_1_213' title='bbox 1334 3011 1368 3092; x_wconf 81' lang='grc' dir='ltr'><strong>οὗ</strong></span> 
     </span>
     <span class='ocr_line' id='line_1_28' title="bbox 218 3123 1368 3227; baseline -0.003 -21"><span class='ocrx_word' id='word_1_214' title='bbox 218 3135 327 3218; x_wconf 71' lang='grc' dir='ltr'><strong><em>ἕνεκα,</em></strong></span> <span class='ocrx_word' id='word_1_215' title='bbox 356 3162 491 3227; x_wconf 91' lang='lat' dir='ltr'><strong>quorum</strong></span> <span class='ocrx_word' id='word_1_216' title='bbox 520 3139 656 3204; x_wconf 87' lang='lat' dir='ltr'><strong>alterurn</strong></span> <span class='ocrx_word' id='word_1_217' title='bbox 686 3147 734 3202; x_wconf 89' lang='lat' dir='ltr'><strong>est</strong></span> <span class='ocrx_word' id='word_1_218' title='bbox 757 3135 796 3204; x_wconf 82' lang='grc' dir='ltr'><strong>τὸ</strong></span> <span class='ocrx_word' id='word_1_219' title='bbox 819 3125 874 3220; x_wconf 86' lang='grc' dir='ltr'><strong>οὗ,</strong></span> <span class='ocrx_word' id='word_1_220' title='bbox 905 3137 1040 3204; x_wconf 89' lang='lat' dir='ltr'><strong>alterum</strong></span> <span class='ocrx_word' id='word_1_221' title='bbox 1062 3135 1101 3204; x_wconf 79' lang='grc' dir='ltr'><strong>τὸ</strong></span> <span class='ocrx_word' id='word_1_222' title='bbox 1125 3124 1162 3223; x_wconf 80' lang='grc' dir='ltr'><em>ᾦ</em></span> <span class='ocrx_word' id='word_1_223' title='bbox 1209 3137 1253 3203; x_wconf 82' lang='lat' dir='ltr'><strong>Et</strong></span> <span class='ocrx_word' id='word_1_224' title='bbox 1272 3135 1311 3206; x_wconf 82' lang='grc' dir='ltr'><strong>τὸ</strong></span> <span class='ocrx_word' id='word_1_225' title='bbox 1333 3123 1368 3202; x_wconf 81' lang='lat' dir='ltr'><strong>orl</strong></span> 
     </span>
     <span class='ocr_line' id='line_1_29' title="bbox 217 3248 1368 3338; baseline -0.005 -23"><span class='ocrx_word' id='word_1_226' title='bbox 217 3251 357 3338; x_wconf 90' lang='lat' dir='ltr'><strong>quidem,</strong></span> <span class='ocrx_word' id='word_1_227' title='bbox 383 3273 454 3314; x_wconf 85' lang='lat' dir='ltr'><strong>curn</strong></span> <span class='ocrx_word' id='word_1_228' title='bbox 478 3249 582 3336; x_wconf 91' lang='lat' dir='ltr'><strong>ipsum</strong></span> <span class='ocrx_word' id='word_1_229' title='bbox 604 3251 646 3313; x_wconf 91' lang='lat' dir='ltr'><strong>sit</strong></span> <span class='ocrx_word' id='word_1_230' title='bbox 667 3249 842 3330; x_wconf 89' lang='lat' dir='ltr'><strong>immobile,</strong></span> <span class='ocrx_word' id='word_1_231' title='bbox 865 3249 1036 3336; x_wconf 90' lang='lat' dir='ltr'><strong>quominus</strong></span> <span class='ocrx_word' id='word_1_232' title='bbox 1056 3248 1090 3312; x_wconf 92' lang='lat' dir='ltr'><strong>in</strong></span> <span class='ocrx_word' id='word_1_233' title='bbox 1112 3249 1299 3314; x_wconf 85' lang='lat' dir='ltr'><strong>substantiis</strong></span> <span class='ocrx_word' id='word_1_234' title='bbox 1320 3248 1368 3312; x_wconf 88' lang='lat' dir='ltr'><strong>im·</strong></span> 
     </span>
     <span class='ocr_line' id='line_1_30' title="bbox 216 3344 1367 3452; baseline -0.005 -26"><span class='ocrx_word' id='word_1_235' title='bbox 216 3359 386 3426; x_wconf 91' lang='lat' dir='ltr'><strong>mobilibus</strong></span> <span class='ocrx_word' id='word_1_236' title='bbox 407 3359 586 3446; x_wconf 84' lang='lat' dir='ltr'><strong>reperiatur</strong></span> <span class='ocrx_word' id='word_1_237' title='bbox 607 3358 686 3424; x_wconf 88' lang='lat' dir='ltr'><strong>nibil</strong></span> <span class='ocrx_word' id='word_1_238' title='bbox 708 3358 857 3446; x_wconf 86' lang='lat' dir='ltr'><strong>impedit,</strong></span> <span class='ocrx_word' id='word_1_239' title='bbox 887 3369 998 3424; x_wconf 90' lang='lat' dir='ltr'><strong>contra</strong></span> <span class='ocrx_word' id='word_1_240' title='bbox 1021 3355 1059 3452; x_wconf 68' lang='lat' dir='ltr'><strong>cd</strong></span> <span class='ocrx_word' id='word_1_241' title='bbox 1082 3344 1124 3445; x_wconf 74' lang='grc' dir='ltr'><strong>ᾧ,</strong></span> <span class='ocrx_word' id='word_1_242' title='bbox 1153 3369 1265 3446; x_wconf 88' lang='lat' dir='ltr'><strong>utpote</strong></span> <span class='ocrx_word' id='word_1_243' title='bbox 1289 3355 1367 3446; x_wconf 90' lang='lat' dir='ltr'><strong>quod</strong></span> 
     </span>
     <span class='ocr_line' id='line_1_31' title="bbox 216 3468 1365 3558; baseline -0.002 -23"><span class='ocrx_word' id='word_1_244' title='bbox 216 3491 275 3556; x_wconf 84' lang='lat' dir='ltr'><strong>per</strong></span> <span class='ocrx_word' id='word_1_245' title='bbox 302 3470 512 3535; x_wconf 79' lang='lat' dir='ltr'><strong>mutationem</strong></span> <span class='ocrx_word' id='word_1_246' title='bbox 543 3469 591 3534; x_wconf 90' lang='lat' dir='ltr'><strong>sui</strong></span> <span class='ocrx_word' id='word_1_247' title='bbox 619 3470 718 3558; x_wconf 86' lang='lat' dir='ltr'><strong>ipsius</strong></span> <span class='ocrx_word' id='word_1_248' title='bbox 747 3469 788 3534; x_wconf 86' lang='lat' dir='ltr'><strong>ad</strong></span> <span class='ocrx_word' id='word_1_249' title='bbox 816 3468 894 3536; x_wconf 93' lang='lat' dir='ltr'><strong>illud</strong></span> <span class='ocrx_word' id='word_1_250' title='bbox 918 3471 1065 3551; x_wconf 86' lang='lat' dir='ltr'><strong>accedat,</strong></span> <span class='ocrx_word' id='word_1_251' title='bbox 1096 3473 1129 3536; x_wconf 90' lang='lat' dir='ltr'><strong>in</strong></span> <span class='ocrx_word' id='word_1_252' title='bbox 1157 3469 1365 3536; x_wconf 88' lang='lat' dir='ltr'><strong>immobilibus</strong></span> 
     </span>
     <span class='ocr_line' id='line_1_32' title="bbox 217 3577 466 3667; baseline -0.012 -21"><span class='ocrx_word' id='word_1_253' title='bbox 217 3602 287 3646; x_wconf 88' lang='lat' dir='ltr'><strong>esse</strong></span> <span class='ocrx_word' id='word_1_254' title='bbox 309 3577 422 3667; x_wconf 80' lang='lat' dir='ltr'><strong>nequit</strong></span> <span class='ocrx_word' id='word_1_255' title='bbox 433 3578 466 3664; x_wconf 92' lang='lat'><strong>¹).</strong></span> 
     </span>
    </p>

    <p class='ocr_par' dir='ltr' id='par_1_5' title="bbox 214 3689 1423 4114">
     <span class='ocr_line' id='line_1_33' title="bbox 302 3689 1365 3780; baseline -0.006 -20"><span class='ocrx_word' id='word_1_256' title='bbox 302 3691 369 3760; x_wconf 84' lang='lat' dir='ltr'><strong>Sed</strong></span> <span class='ocrx_word' id='word_1_257' title='bbox 392 3690 443 3756; x_wconf 89' lang='lat' dir='ltr'><strong>bic</strong></span> <span class='ocrx_word' id='word_1_258' title='bbox 466 3691 630 3780; x_wconf 85' lang='lat' dir='ltr'><strong>paulisper</strong></span> <span class='ocrx_word' id='word_1_259' title='bbox 652 3689 890 3757; x_wconf 89' lang='lat' dir='ltr'><strong>subsistendum</strong></span> <span class='ocrx_word' id='word_1_260' title='bbox 917 3701 975 3756; x_wconf 89' lang='lat' dir='ltr'><strong>est.</strong></span> <span class='ocrx_word' id='word_1_261' title='bbox 1013 3690 1157 3757; x_wconf 90' lang='lat' dir='ltr'><strong>Primum</strong></span> <span class='ocrx_word' id='word_1_262' title='bbox 1181 3691 1365 3758; x_wconf 85' lang='lat' dir='ltr'><strong>Aristoteles</strong></span> 
     </span>
     <span class='ocr_line' id='line_1_34' title="bbox 216 3796 1364 3890; baseline -0.004 -21"><span class='ocrx_word' id='word_1_263' title='bbox 216 3805 435 3869; x_wconf 89' lang='lat' dir='ltr'><strong>demonstrare</strong></span> <span class='ocrx_word' id='word_1_264' title='bbox 457 3802 579 3885; x_wconf 89' lang='lat' dir='ltr'><strong>studet,</strong></span> <span class='ocrx_word' id='word_1_265' title='bbox 603 3796 739 3890; x_wconf 84' lang='lat' dir='ltr'><strong>priinem</strong></span> <span class='ocrx_word' id='word_1_266' title='bbox 762 3802 971 3868; x_wconf 86' lang='lat' dir='ltr'><strong>substantiam</strong></span> <span class='ocrx_word' id='word_1_267' title='bbox 998 3823 1067 3867; x_wconf 91' lang='lat' dir='ltr'><strong>esse</strong></span> <span class='ocrx_word' id='word_1_268' title='bbox 1091 3825 1222 3869; x_wconf 86' lang='lat' dir='ltr'><strong>causam</strong></span> <span class='ocrx_word' id='word_1_269' title='bbox 1243 3823 1364 3870; x_wconf 89' lang='lat' dir='ltr'><strong>moven-</strong></span> 
     </span>
     <span class='ocr_line' id='line_1_35' title="bbox 215 3912 1423 4001; baseline -0.003 -22"><span class='ocrx_word' id='word_1_270' title='bbox 215 3925 296 3998; x_wconf 87' lang='lat' dir='ltr'><strong>tem,</strong></span> <span class='ocrx_word' id='word_1_271' title='bbox 320 3912 452 3995; x_wconf 86' lang='lat' dir='ltr'><strong>deinde,</strong></span> <span class='ocrx_word' id='word_1_272' title='bbox 485 3914 621 3978; x_wconf 90' lang='lat' dir='ltr'><strong>eandem</strong></span> <span class='ocrx_word' id='word_1_273' title='bbox 643 3935 713 3978; x_wconf 87' lang='lat' dir='ltr'><strong>esse</strong></span> <span class='ocrx_word' id='word_1_274' title='bbox 734 3913 832 3978; x_wconf 90' lang='lat' dir='ltr'><strong>finem</strong></span> <span class='ocrx_word' id='word_1_275' title='bbox 855 3934 1031 3994; x_wconf 87' lang='lat' dir='ltr'><strong>summum,</strong></span> <span class='ocrx_word' id='word_1_276' title='bbox 1056 3935 1152 4001; x_wconf 88' lang='lat' dir='ltr'><strong>quam</strong></span> <span class='ocrx_word' id='word_1_277' title='bbox 1176 3913 1217 3979; x_wconf 93' lang='lat' dir='ltr'><strong>ob</strong></span> <span class='ocrx_word' id='word_1_278' title='bbox 1240 3933 1364 3978; x_wconf 88' lang='lat' dir='ltr'><strong>oausam</strong></span> <span class='ocrx_word' id='word_1_279' title='bbox 1422 3965 1423 3968; x_wconf 59' lang='grc'>,</span> 
     </span>
     <span class='ocr_line' id='line_1_36' title="bbox 214 4021 1364 4114; baseline -0.009 -22"><span class='ocrx_word' id='word_1_280' title='bbox 214 4035 383 4114; x_wconf 89' lang='lat' dir='ltr'><strong>postquam</strong></span> <span class='ocrx_word' id='word_1_281' title='bbox 406 4023 544 4109; x_wconf 89' lang='lat' dir='ltr'><strong>primam</strong></span> <span class='ocrx_word' id='word_1_282' title='bbox 566 4021 778 4090; x_wconf 87' lang='lat' dir='ltr'><strong>substantiam</strong></span> <span class='ocrx_word' id='word_1_283' title='bbox 802 4043 932 4090; x_wconf 89' lang='lat' dir='ltr'><strong>movere</strong></span> <span class='ocrx_word' id='word_1_284' title='bbox 947 4045 1019 4088; x_wconf 90' lang='lat' dir='ltr'><strong>cum</strong></span> <span class='ocrx_word' id='word_1_285' title='bbox 1034 4023 1106 4111; x_wconf 89' lang='lat' dir='ltr'><strong>ipsa</strong></span> <span class='ocrx_word' id='word_1_286' title='bbox 1121 4046 1185 4090; x_wconf 91' lang='lat' dir='ltr'><strong>non</strong></span> <span class='ocrx_word' id='word_1_287' title='bbox 1203 4031 1364 4090; x_wconf 84' lang='lat' dir='ltr'><strong>moveatur</strong></span> 
     </span>
    </p>
   </div>
   <div class='ocr_carea' id='block_1_3' title="bbox 211 4289 1423 4553">
    <p class='ocr_par' dir='ltr' id='par_1_6' title="bbox 211 4289 1423 4553">
     <span class='ocr_line' id='line_1_37' title="bbox 287 4289 1423 4380; baseline -0.004 -20"><span class='ocrx_word' id='word_1_288' title='bbox 287 4307 305 4374; x_wconf 87' lang='lat'><strong>¹)</strong></span> <span class='ocrx_word' id='word_1_289' title='bbox 324 4312 363 4374; x_wconf 86' lang='lat' dir='ltr'><strong>A,</strong></span> <span class='ocrx_word' id='word_1_290' title='bbox 383 4313 407 4360; x_wconf 83' lang='lat'><strong>7.</strong></span> <span class='ocrx_word' id='word_1_291' title='bbox 428 4310 567 4362; x_wconf 70' lang='lat' dir='ltr'><strong>loteba:</strong></span> <span class='ocrx_word' id='word_1_292' title='bbox 586 4309 643 4362; x_wconf 77' lang='grc' dir='ltr'><strong>ἔστι</strong></span> <span class='ocrx_word' id='word_1_293' title='bbox 655 4306 709 4380; x_wconf 76' lang='grc' dir='ltr'><strong>γάρ</strong></span> <span class='ocrx_word' id='word_1_294' title='bbox 723 4326 775 4362; x_wconf 78' lang='grc' dir='ltr'><strong><em>τινι</em></strong></span> <span class='ocrx_word' id='word_1_295' title='bbox 787 4305 818 4361; x_wconf 82' lang='grc' dir='ltr'><strong>τὸ</strong></span> <span class='ocrx_word' id='word_1_296' title='bbox 837 4294 870 4360; x_wconf 75' lang='grc' dir='ltr'><strong>οὗ</strong></span> <span class='ocrx_word' id='word_1_297' title='bbox 887 4307 977 4372; x_wconf 71' lang='grc' dir='ltr'><strong><em>ἕνεκα,</em></strong></span> <span class='ocrx_word' id='word_1_298' title='bbox 998 4295 1036 4363; x_wconf 79' lang='grc' dir='ltr'><strong>ὧν</strong></span> <span class='ocrx_word' id='word_1_299' title='bbox 1048 4304 1078 4362; x_wconf 82' lang='grc' dir='ltr'><strong>τὸ</strong></span> <span class='ocrx_word' id='word_1_300' title='bbox 1091 4306 1145 4380; x_wconf 81' lang='grc' dir='ltr'><strong>μὲν</strong></span> <span class='ocrx_word' id='word_1_301' title='bbox 1159 4300 1301 4362; x_wconf 76' lang='grc' dir='ltr'><em>ἔστιτόδ’</em></span> <span class='ocrx_word' id='word_1_302' title='bbox 1317 4299 1363 4357; x_wconf 79' lang='grc' dir='ltr'><strong>οὐκ</strong></span> <span class='ocrx_word' id='word_1_303' title='bbox 1422 4289 1423 4312; x_wconf 57' lang='lat'>¹</span> 
     </span>
     <span class='ocr_line' id='line_1_38' title="bbox 212 4395 1423 4480; baseline -0.005 -32"><span class='ocrx_word' id='word_1_304' title='bbox 212 4395 284 4461; x_wconf 75' lang='grc' dir='ltr'><strong><em>ἔστι,</em></strong></span> <span class='ocrx_word' id='word_1_305' title='bbox 307 4398 340 4448; x_wconf 80' lang='lat' dir='ltr'><strong>of.</strong></span> <span class='ocrx_word' id='word_1_306' title='bbox 360 4397 463 4449; x_wconf 82' lang='lat' dir='ltr'><strong>Bonita.</strong></span> <span class='ocrx_word' id='word_1_307' title='bbox 482 4400 543 4450; x_wconf 89' lang='lat' dir='ltr'><strong>Met.</strong></span> <span class='ocrx_word' id='word_1_308' title='bbox 563 4405 699 4451; x_wconf 86' lang='lat' dir='ltr'><strong>comment.</strong></span> <span class='ocrx_word' id='word_1_309' title='bbox 723 4415 748 4464; x_wconf 90' lang='lat' dir='ltr'><strong>p.</strong></span> <span class='ocrx_word' id='word_1_310' title='bbox 764 4401 824 4461; x_wconf 81' lang='lat'><strong>499,</strong></span> <span class='ocrx_word' id='word_1_311' title='bbox 849 4399 974 4464; x_wconf 84' lang='lat' dir='ltr'><strong>Bernays.</strong></span> <span class='ocrx_word' id='word_1_312' title='bbox 1003 4397 1055 4448; x_wconf 85' lang='lat' dir='ltr'><strong>Die</strong></span> <span class='ocrx_word' id='word_1_313' title='bbox 1078 4395 1193 4464; x_wconf 78' lang='lat' dir='ltr'><strong>Dialoge</strong></span> <span class='ocrx_word' id='word_1_314' title='bbox 1217 4395 1363 4451; x_wconf 68' lang='lat' dir='ltr'><strong>emissor.</strong></span> <span class='ocrx_word' id='word_1_315' title='bbox 1422 4421 1423 4480; x_wconf 32' lang='lat' dir='ltr'><strong>p</strong></span> 
     </span>
     <span class='ocr_line' id='line_1_39' title="bbox 211 4481 1423 4553; baseline -0.013 -18"><span class='ocrx_word' id='word_1_316' title='bbox 211 4500 238 4553; x_wconf 90' lang='lat' dir='ltr'><strong>p.</strong></span> <span class='ocrx_word' id='word_1_317' title='bbox 254 4485 311 4536; x_wconf 78' lang='lat'><strong>169.</strong></span> <span class='ocrx_word' id='word_1_318' title='bbox 1422 4481 1423 4536; x_wconf 68' lang='lat' dir='ltr'><strong>l</strong></span> 
     </span>
    </p>
   </div>
   <div class='ocr_carea' id='block_1_4' title="bbox 0 0 1440 5076">
    <p class='ocr_par' dir='ltr' id='par_1_7' title="bbox 0 0 1440 5076">
     <span class='ocr_line' id='line_1_40' title="bbox 0 0 1440 5076; baseline 0 4"><span class='ocrx_word' id='word_1_319' title='bbox 0 0 1440 5076; x_wconf 95' lang='lat' dir='ltr'><strong> </strong></span> 
     </span>
    </p>
   </div>
  </div>
 </body>
</html>
