2966 5072
707 492 743 554 11

209 661 285 722 rent
306 675 383 722 suae
405 677 565 742 quemquo
590 657 638 723 rei
664 657 1009 738 accommodatissime,
1040 673 1104 722 non
1132 652 1239 737 potuit

209 759 298 840 fieri,
329 759 407 844 quin
430 760 473 826 ad
494 759 598 828 multa
618 764 781 830 oratoriae
812 763 893 830 artis
924 766 1098 845 praecepta
1131 759 1240 826 danda

210 864 466 948 perducerentur
476 867 537 952 ¹⁰),
568 867 680 951 quales
701 867 797 935 hodie
818 867 985 936 emendate
1007 866 1133 934 dicendi
1161 865 1239 932 scri·

210 969 371 1055 bendique
392 969 523 1054 regulae
544 993 565 1038 a
585 973 804 1057 grammaticis
825 973 860 1038 in
880 971 997 1038 scholis
1018 971 1106 1038 tradi
1124 969 1238 1036 solent.

212 1073 275 1138 Sed
298 1095 397 1158 quum
427 1075 461 1140 in
488 1073 538 1140 his
570 1096 698 1160 qnoque
727 1075 888 1142 delectare
918 1096 1015 1161 quam
1043 1073 1240 1160 persuadere

212 1177 355 1260 mallent,
379 1179 520 1244 omnium
542 1179 609 1246 lere
629 1185 810 1265 temporum
823 1180 951 1265 judiciis
973 1180 1117 1246 domati
1138 1179 1240 1262 magis

213 1303 309 1366 qnam
330 1281 462 1367 probati
483 1289 578 1364 sunt,
602 1305 798 1368 quamquam
819 1305 922 1368 nuper
943 1285 1082 1366 exstitit,
1107 1283 1162 1369 qui
1184 1303 1239 1348 eos

217 1384 279 1452 sibi
301 1385 521 1454 defendendos
544 1387 721 1472 susciperet
736 1390 791 1473 ²¹).

280 1489 440 1574 Sophistis
463 1511 498 1556 se
520 1492 673 1574 opposuit
699 1495 864 1569 Socrates,
897 1489 1084 1573 disputandi
1115 1487 1241 1554 subtili·

213 1599 283 1658 tate
305 1593 368 1659 illis
389 1595 591 1679 temporibus
623 1594 716 1661 facile
744 1597 911 1680 princeps,
948 1594 1004 1678 qui
1037 1592 1113 1678 quid
1145 1589 1242 1658 vellet

215 1719 313 1783 quum
335 1700 420 1766 cives
442 1703 510 1786 ejus
532 1722 598 1768 non
620 1700 852 1784 intelligerent,
887 1698 1053 1765 adversari
1082 1697 1113 1762 ei
1134 1697 1240 1762 detra-

216 1802 355 1888 heroqnc
378 1805 485 1870 conati
509 1795 593 1870 sunt.
651 1804 774 1882 Quibus
796 1804 951 1870 molestiis
984 1802 1038 1866 ille
1066 1801 1241 1866 deterritus

215 1927 279 1974 non
301 1913 368 1990 est,
390 1909 469 1993 quin
491 1929 531 1974 ca
552 1909 621 1991 via,
655 1929 720 1993 qna
742 1908 812 1974 sola
842 1907 884 1974 ad
906 1905 1161 1990 cognoscendum
1189 1927 1240 1970 ve-

215 2033 287 2078 rum
308 2013 468 2096 perveniri
489 2033 585 2097 posse
606 2011 757 2094 rebatur,
791 2012 919 2078 fortiter
940 2009 1104 2076 incederet
1136 2015 1169 2074 ct
1190 2029 1241 2075 as·

215 2115 306 2182 sidne
327 2103 393 2182 arti
414 2117 600 2184 dialecticae
623 2138 754 2201 operam
776 2123 911 2184 navaret
932 2117 995 2195 ita,
1017 2119 1055 2180 nt
1076 2115 1171 2198 quasi
1183 2134 1240 2198 pa·

215 2223 329 2286 tronus
350 2225 418 2306 ejus
439 2223 519 2288 artis
540 2221 645 2288 factus
668 2222 721 2288 sit.
766 2221 871 2299 Quum
886 2221 971 2286 enim
992 2218 1035 2284 ad
1048 2225 1136 2284 recte
1147 2238 1241 2302 agen·

217 2321 292 2388 dum
311 2323 392 2389 nihil
413 2327 515 2410 magis
527 2326 911 2410 opusesseexistimaret,
934 2345 1031 2410 quom
1050 2324 1141 2403 scire,
1165 2323 1241 2407 quid

216 2447 363 2512 quaeque
382 2449 435 2494 res
458 2431 619 2515 esset22),
648 2451 810 2515 quumque
838 2430 991 2496 virtutem
1012 2430 1117 2513 ipsam
1143 2430 1242 2495 soien-

216 2533 296 2598 tiam
317 2553 388 2600 esse
408 2535 613 2619 putaret25),
645 2534 812 2600 scientiam
834 2539 942 2599 autem
970 2534 1074 2617 ipsam
1096 2531 1187 2598 nulla
1207 2553 1243 2598 re

218 2638 319 2722 magis
340 2637 424 2702 effici
444 2653 540 2721 posse
560 2637 792 2718 arbitraretur,
826 2657 923 2720 qnam
945 2638 971 2703 si
994 2638 1130 2722 quisque
1151 2659 1243 2705 occu·

217 2748 313 2824 patus
335 2747 421 2808 esset
442 2748 474 2806 et
494 2743 530 2806 in
551 2763 586 2808 se
609 2741 725 2824 ipsoet
746 2742 863 2807 ceteris
875 2742 1081 2828 explorandis
1094 2743 1148 2826 ¹4),
1173 2743 1243 2809 fieri
1293 2754 1302 2780 ⁸

217 2863 281 2910 non
302 2844 425 2928 potuit,
449 2845 526 2929 quin
548 2863 771 2928 quamcunque
793 2846 993 2912 occasionem
1008 2865 1081 2912 cum
1096 2847 1167 2914 aliis
1180 2847 1242 2914 col-

216 2947 367 3033 loquendi
388 2969 507 3032 eosque
529 2948 677 3015 tentandi
695 2949 930 3016 studiosissime
944 2953 1112 3052 'arriperet
1133 2959 1166 3018 et
1192 2974 1243 3018 ar·

218 3059 284 3120 tem
307 3053 508 3120 dialecticam
531 3055 577 3118 sic
600 3052 775 3135 excoleret,
796 3060 832 3120 ut
854 3056 911 3138 qui
931 3076 1005 3122 enm
1015 3056 1243 3140 sequebantur,

216 3159 357 3224 omnium
379 3178 451 3224 eam
476 3159 596 3223 artium
623 3158 811 3242 magistram
841 3158 908 3224 fere
938 3180 976 3226 ac
1006 3160 1120 3226 ducem
1148 3169 1242 3245 puta·

216 3269 305 3344 rent,
327 3256 534 3347 omniumque
555 3263 775 3328 doctrinarum
795 3263 969 3348 fastigium,
993 3285 1057 3348 quo
1076 3263 1155 3330 nihil
1167 3266 1244 3334 addi

217 3365 350 3433 deberet
378 3367 526 3450 superium
539 3368 594 3452 ²⁵).
646 3365 714 3432 Nec
743 3388 819 3432 vero
851 3367 959 3452 potnit
980 3366 1074 3432 aliter
1106 3372 1243 3436 evenire.

217 3469 322 3550 Quum
344 3472 429 3536 enim
450 3470 613 3554 sophistae
642 3477 715 3538 arto
737 3470 905 3536 dialectica
926 3469 1097 3538 abutentes
1118 3493 1244 3540 omnem

217 3575 385 3642 amentiam
406 3574 593 3642 subvertere
624 3575 827 3656 riderentur,
867 3597 973 3642 nonne
1000 3582 1078 3644 tune
1109 3578 1159 3644 vir
1187 3578 1244 3646 ali·

271 3761 319 3830 20)
337 3763 371 3814 (11.
397 3762 548 3831 Bernhardy
567 3765 582 3815 l.
600 3779 620 3814 c.
639 3763 658 3824 l,
687 3777 711 3826 p.
731 3761 783 3812 397
809 3769 832 3812 el
850 3777 875 3826 p.
894 3761 956 3812 401.
1101 3763 1150 3832 21)
1168 3768 1191 3818 le
1209 3772 1245 3818 cst

222 3851 313 3917 Georp.
335 3851 419 3909 Grato,
438 3851 577 3912 Bnunnus,
604 3853 629 3903 ln
648 3851 722 3910 libro,
741 3850 780 3916 qui
808 3849 954 3902 lusesibitur:
980 3851 1084 3921 iiiam
1101 3855 1134 3916 os
1152 3855 1246 3907 Graece

218 3939 314 3992 london
335 3939 403 3992 1846
421 3957 457 4008 sq.
493 3943 540 3994 co.
558 3945 607 4006 ejus
626 3941 704 4006 operis
720 3941 766 3992 vol.
786 3941 841 3992 Vlll.
861 3955 884 4004 p.
902 3939 956 3991 419
974 3955 1026 4006 sqq.
1124 3939 1173 4010 12)
1191 3943 1245 3996 Xe-

217 4029 293 4098 apd.
313 4029 387 4082 Ισι.
406 4031 443 4095 lv,
462 4031 488 4093 d,
510 4032 532 4083 1.
676 4030 725 4100 23)
748 4029 865 4100 Xcaopb.
885 4029 959 4082 lenc
983 4031 1166 4094 11141-
1185 4033 1244 4088 w-

217 4117 255 4170 tu
273 4120 289 4170 Ι.
308 4135 329 4171 c.
348 4121 412 4183 ’1.11,
429 4121 504 4187 pat.
614 4120 662 4190 24)
681 4121 746 4178 Ptol.
766 4119 841 4190 Apol.
858 4119 934 4184 pas,
946 4121 979 4184 Ε,
997 4119 1105 4172 mua.
1112 4135 1135 4186 p.
1143 4121 1205 4188 2211,
1218 4127 1244 4177 Ε.

219 4207 334 4279 Ioseph.
354 4209 427 4262 lle..
448 4211 485 4270 lV,
504 4211 529 4272 2,
548 4211 583 4263 24
601 4227 637 4276 sq.
726 4208 775 4278 25)
793 4208 859 4262 naa
879 4210 955 4278 desp.
972 4209 1085 4275 pbm
1099 4211 1198 4266 -aol
1217 4217 1243 4269 li.
