2934 5076
596 493 636 556 97

126 658 205 742 spnd
225 659 357 725 eundem
380 659 475 726 istius
496 657 596 728 moris
618 659 704 726 ratio
725 667 760 724 et
779 657 933 744 ficiem).
978 658 1022 724 Et
1039 657 1138 725 habet

125 764 364 846 praetereunte
387 761 517 848 quidem
538 783 609 830 mos
631 784 689 830 sen
710 764 794 830 ratio
816 764 850 828 in
871 770 1042 847 utramque
1063 782 1137 846 par·

125 875 183 933 tem
204 868 387 951 disputandi
408 867 545 934 multum
568 889 659 951 sane,
682 889 747 953 quo
770 867 956 935 Ciceronem
977 868 1137 952 egregiam

125 993 207 1038 snam
228 972 354 1038 dicendi
375 973 610 1056 praestantiam
632 979 797 1040 ostentare
823 973 957 1040 moleste
985 973 1136 1054 feramus,

125 1083 158 1144 ut
175 1079 241 1144 sine
261 1077 329 1144 ulla
348 1077 550 1144 dubitatione
572 1077 613 1144 de
634 1097 669 1145 se
690 1079 762 1163 ipso
777 1077 953 1163 praedicat,
976 1076 1137 1144 ubiCras·

125 1199 190 1246 sum
209 1181 367 1248 dicentem
388 1180 468 1246 facit
481 1183 560 1267 ²¹4),
583 1201 657 1248 eum
678 1201 749 1248 esse
770 1202 897 1260 rernm,
920 1201 994 1246 eum
1015 1181 1137 1265 perfec·

125 1289 203 1366 tum,
232 1307 306 1350 enm
327 1283 432 1351 solum
462 1290 640 1366 oratorem,
674 1285 729 1368 qui
759 1283 948 1351 Aristotelio
980 1303 1070 1349 more
1096 1283 1137 1351 de

124 1387 262 1454 omnibns
283 1387 382 1454 rebus
403 1388 438 1452 in
458 1393 629 1472 utramque
650 1393 778 1472 partem
791 1389 897 1471 possit
918 1389 1026 1455 dicere
1047 1391 1137 1456 etin

124 1495 203 1559 omni
213 1514 311 1560 cansa
327 1492 409 1559 duas
430 1493 611 1558 contrarias
633 1491 797 1558 orationes
812 1493 981 1578 explicare,
1004 1500 1038 1559 et
1054 1515 1137 1578 quae

124 1597 233 1666 similia
252 1599 299 1666 ibi
329 1597 422 1678 dicit,
455 1617 530 1662 nam
560 1595 623 1663 sibi
651 1596 686 1662 id
717 1596 871 1680 perfacile
903 1617 975 1664 csse
1001 1599 1071 1682 ipsc
1102 1599 1137 1663 in

123 1704 307 1770 contrariam
329 1707 456 1787 partem
478 1700 616 1767 dicendo
637 1699 758 1768 ibidem
779 1703 860 1767 satis
880 1700 1042 1768 luculente
1064 1723 1136 1785 pro-

123 1805 213 1874 berit.
256 1809 378 1874 Eodem
397 1806 495 1873 modo
516 1825 633 1890 magna
654 1805 876 1889 philosophiae
898 1807 1079 1891 cognitione
1101 1829 1136 1874 se

123 1911 305 1978 instructum
334 1931 406 1978 esse
436 1909 613 1976 Aristotelii
642 1910 741 1975 moris
770 1929 832 1993 ope
874 1931 953 1994 prae
985 1932 1020 1976 se
1052 1910 1138 1977 ferre

124 2022 232 2098 potest.
275 2017 359 2096 Quin
382 2015 480 2082 etiam
502 2013 588 2098 quod
607 2018 675 2100 jem
697 2013 838 2080 Socratis
870 2013 954 2080 hanc
979 2016 1137 2082 rationem

123 2121 214 2187 luisse
234 2123 301 2204 ait,
324 2127 361 2188 ut
383 2124 498 2186 contre
520 2119 628 2184 omnic
648 2119 839 2200 dissereret,
862 2139 997 2203 eumque
1018 2121 1136 2204 repeti·

123 2235 184 2292 tam
206 2228 247 2294 ab
268 2225 429 2306 Arcesila,
452 2223 673 2292 confirmatam
694 2243 716 2288 e
738 2222 905 2290 Carneade
927 2223 1022 2303 dicit,
1053 2246 1137 2308 quae

122 2351 307 2417 quamquam
328 2350 431 2414 nsque
452 2329 495 2394 ad
515 2349 608 2394 suam
629 2335 770 2394 aetatem
798 2327 950 2413 viguerit,
982 2334 1060 2393 tunc
1088 2335 1137 2396 tc·

124 2455 190 2500 men
216 2433 447 2520 propemodum
476 2433 511 2498 in
541 2431 678 2498 Graecia
707 2433 779 2516 ipsa
810 2437 946 2518 propter
974 2431 1137 2498 hominum

124 2539 301 2606 tarditatem
323 2540 404 2605 orba
426 2539 479 2618 sit,
502 2557 617 2618 nonne,
640 2558 740 2620 quum
761 2536 856 2622 hujus
877 2537 1013 2602 rationis
1028 2544 1137 2620 patro·

123 2645 231 2710 ciuium
252 2665 288 2710 se
319 2643 498 2726 suscepisse
526 2641 738 2726 profiteatur,
772 2640 886 2706 eodem
907 2659 943 2706 se
972 2659 1036 2723 quo
1065 2640 1137 2706 illos

123 2747 371 2833 inphilosoplria
392 2747 560 2830 dignitatis
582 2747 685 2830 gradu
706 2744 857 2810 collocari
878 2742 947 2808 vult
962 2765 1061 2828 seque
1071 2745 1136 2812 illis

123 2855 245 2919 summis
266 2850 464 2937 philosophis
491 2870 602 2933 parem
635 2869 705 2916 esse
735 2848 890 2934 judicari,
924 2868 1062 2932 quorum
1088 2850 1136 2916 in·

123 2957 197 3039 genii
217 2975 352 3022 acumen
375 2975 474 3022 novas
495 2953 658 3019 interdum
684 2950 933 3036 philosophandi
960 2953 1030 3018 vias
1062 2973 1136 3037 epe·

123 3063 195 3142 ruit,
224 3059 416 3145 praesertim
437 3079 537 3142 quum
559 3058 647 3124 dieat
668 3061 819 3140 oportere
840 3053 960 3120 hebeat
984 3076 1050 3121 non
1072 3057 1135 3122 sin·

123 3164 204 3248 gulas
225 3171 370 3245 tantum,
393 3163 451 3228 sed
473 3183 582 3228 omnes
605 3160 793 3244 disciplinas
814 3164 985 3244 perceptas
1006 3161 1049 3240 is,
1083 3159 1136 3226 cui

122 3271 181 3334 veri
201 3265 381 3354 reperiendi
402 3287 501 3332 ceusu
522 3270 638 3332 contra
659 3283 769 3332 omnes
790 3261 999 3348 philosophos
1021 3271 1055 3330 et
1075 3285 1135 3350 pro

122 3373 258 3440 omnibus
279 3373 387 3439 dicere
407 3371 611 3455 propositum
629 3368 770 3452 sit²¹⁵)?

180 3477 241 3544 Sed
262 3483 372 3542 tamen
394 3475 493 3540 etiam
514 3473 580 3540 alio
600 3473 667 3538 ista
687 3467 876 3553 disputandi
904 3470 1031 3537 ratione
1061 3491 1135 3537 con·

122 3581 186 3648 silio
207 3581 318 3648 Cicero
339 3599 416 3654 usus
439 3585 504 3658 est,
535 3576 622 3662 qnod
650 3574 737 3642 haud
765 3573 831 3640 scio
865 3593 907 3638 an
934 3595 1135 3659 summopere

120 3687 312 3770 probandum
322 3684 376 3750 sit.
421 3683 527 3762 Quum
547 3681 633 3746 enim
650 3680 782 3748 fortuna
801 3678 896 3744 unius
916 3677 1064 3745 Caesaris
1078 3701 1135 3762 po·

182 3849 248 3918 213)
266 3850 338 3910 Quale
360 3848 443 3914 atquc
469 3849 517 3900 lere
541 3846 649 3898 eccidisse
672 3845 761 3896 ridetur
784 3843 869 3894 nostris
892 3844 973 3896 dlebm
998 3845 1137 3902 Bedunia,

121 3939 156 4002 qn
172 3941 250 3992 vellem
269 3940 341 4004 mods
358 3939 478 3990 lusores
497 3937 696 3988 moderationem
715 3935 827 3998 cosulem
846 3935 976 3998 habunseu
995 3935 1066 3985 multo
1085 3941 1133 3984 lum

121 4029 195 4078 nnn
211 4030 239 4080 de
257 4029 365 4081 charone
383 4029 526 4094 judicaturus
543 4027 632 4078 lusisset.
657 4027 693 4078 Gi.
711 4027 762 4090 ejus
786 4024 838 4074 libr.
862 4023 902 4087 qui
916 4023 1059 4074 inscitum:
1082 4021 1135 4072 (lou

120 4115 140 4166 lc
156 4118 195 4170 der
211 4119 350 4170 Geschichtc.
369 4117 457 4184 nostro
483 4116 549 4167 1857
568 4131 605 4181 sq.
623 4115 672 4166 Vol.
681 4115 717 4176 ll,
736 4128 760 4178 p.
781 4113 833 4162 579
851 4129 903 4176 sqq.
1018 4110 1086 4176 214)
1104 4111 1135 4160 lle

122 4207 187 4259 {nat
204 4209 247 4268 ΙΙΙ,
265 4209 314 4269 21,
334 4209 376 4260 80.
493 4205 561 4272 alc)
579 4205 626 4258 Clr.
646 4206 677 4256 lle
696 4205 756 4254 d'ut.
775 4202 849 4254 Dece.
869 4203 893 4262 l,
911 4201 943 4262 ὅ,
962 4200 1003 4252 ll.

916 4313 922 4348 a
