2966 5072
647 473 689 536 23

154 636 231 704 bant
253 639 289 704 in
311 655 489 724 earumque
508 640 614 706 looum
631 639 789 706 lassitudo
803 645 837 704 et
851 638 996 721 languor,
1020 635 1176 714 socordia,

151 744 269 809 inertia
290 743 563 829 immigraverunt.
607 745 846 812 inmundissime
866 759 1014 826 quaeque
1035 759 1088 806 res
1110 761 1177 806 ma·

150 848 234 912 xime
263 854 400 931 nooepta
437 855 508 916 erat
537 855 571 914 et
609 849 682 914 utili
718 848 1007 943 praeponebatur
1044 845 1178 912 Veteres

148 953 284 1037 quisque
306 951 474 1033 laudabat,
498 971 609 1020 eorum
630 953 767 1019 virtuter
788 973 853 1017 non
871 950 1042 1016 admodum
1056 947 1176 1014 imitari

148 1055 281 1122 studens
295 1053 352 1140 ⁴⁸).
398 1055 598 1141 Religionum
619 1063 654 1123 et
676 1077 785 1122 rerum
807 1055 988 1122 divinarum
1010 1073 1090 1120 eura
1111 1075 1178 1120 ces·

149 1160 346 1244 roverate).
391 1159 474 1226 Nam
499 1163 528 1226 si
549 1163 623 1246 qni,
657 1161 745 1226 velut
774 1159 934 1239 Thebani,
970 1159 1056 1225 bello
1086 1179 1179 1226 sacro

150 1265 237 1348 quod
259 1264 400 1345 dieitur,
433 1285 541 1332 rernm
564 1285 730 1332 saorarum
751 1265 900 1332 acerrimi
921 1264 1062 1330 vindices
1084 1265 1180 1330 exsti-

149 1375 259 1435 terunt
292 1389 466 1453 earumque
496 1370 668 1435 violatores
697 1369 783 1435 bello
813 1369 964 1453 persequi
994 1374 1178 1452 coeperunt,

148 1479 256 1538 tamen
278 1472 314 1538 id
335 1473 448 1538 iecisse
469 1473 620 1540 videntur
640 1474 742 1558 magis
766 1493 804 1538 ea
823 1473 862 1538 de
876 1491 984 1552 cansa,
1008 1471 1095 1556 quod
1113 1472 1180 1537 suis

149 1577 293 1660 ipsorum
333 1577 475 1642 consiliis
516 1576 599 1642 alios
632 1579 843 1643 antevertisse
881 1582 1050 1642 senserant
1083 1595 1181 1658 aeque

149 1681 310 1758 commodi
332 1683 382 1746 sui
403 1681 599 1766 exsequendi
620 1681 775 1748 laenitate
805 1683 949 1766 privatos
979 1701 1067 1760 esse,
1095 1678 1180 1744 vide·

150 1785 248 1866 bunt,
283 1803 382 1871 qnam
411 1786 498 1870 quod
527 1785 607 1871 ipsis
629 1807 737 1852 rerum
759 1785 940 1852 divinarum
959 1784 1064 1850 tutela
1085 1803 1182 1848 curae

153 1897 239 1956 esset
249 1891 306 1976 ⁵⁰).
350 1891 415 1956 Bes
436 1891 586 1958 militaris
605 1893 717 1978 jacuit.
750 1892 966 1975 Mperatores
980 1889 1068 1972 iique
1082 1888 1181 1952 inter·

152 1994 227 2060 dum
249 1995 475 2081 peregrini⁵¹),
498 1996 583 2063 bella
605 1997 762 2081 gerebant
784 1995 970 2080 saepissime
989 1993 1090 2077 oopiis
1107 2013 1181 2058 eon·

152 2097 316 2180 ductitiis,
358 2099 476 2183 quibus
512 2100 708 2184 stipendium
744 2101 831 2184 qnod
861 2095 1080 2184 praebendum
1111 2102 1182 2162 erat

153 2204 230 2288 qnia
259 2201 466 2286 proedando,
510 2203 709 2290 diripiendo,
743 2205 818 2272 eliis
847 2225 964 2288 operas
996 2201 1182 2269 eolloeando

152 2325 343 2390 eomparare
364 2307 572 2391 cogebantur,
595 2311 778 2393 nonpotuit
796 2310 876 2390 fieri,
900 2311 976 2393 quin
993 2309 1182 2393 plerumque

152 2433 210 2478 sno
232 2413 336 2496 magis
358 2412 496 2479 arbitrio
525 2420 560 2479 et
585 2414 724 2480 militum
753 2433 851 2499 quam
879 2414 989 2498 populi
1018 2412 1185 2478 voluntate

153 2523 302 2601 agerent,
336 2537 396 2583 neo
425 2537 502 2585 raro
523 2515 668 2604 ipsorum
689 2521 848 2586 sociorum
869 2521 967 2586 urbes
995 2518 1182 2602 diriperent.

155 2620 264 2700 Quare
293 2627 328 2687 et
358 2622 476 2690 dueum
497 2623 675 2690 auotoritas
698 2644 798 2708 parva
820 2629 892 2690 erat
917 2630 951 2690 et
972 2623 1112 2688 militum
1134 2621 1182 2686 di·

153 2725 290 2810 eoiplina
304 2727 454 2810 pessima.
498 2726 593 2792 Domi
618 2731 765 2794 oratores
787 2727 870 2794 alius
892 2728 991 2793 alium
1012 2726 1183 2792 criminan-

153 2837 205 2898 tos
232 2830 475 2898 multitudinem
504 2831 723 2900 adulabantur
752 2832 795 2898 ad
824 2836 957 2918 ejusque
977 2830 1127 2896 libidines
1150 2837 1183 2895 et

153 2935 291 3019 gratim
314 2931 474 3001 dioebant.
525 2933 590 3002 Suo
612 2938 749 3021 quisque
771 2935 938 3003 dommodo
959 2936 1061 3018 magis
1085 2955 1183 3019 quam

153 3040 295 3106 omnium
316 3040 415 3106 saluti
436 3041 669 3124 providendum
690 3059 762 3108 ease
784 3041 1002 3108 existimabat.
1048 3038 1184 3104 Publica

148 3142 273 3230 J'ndioiu
304 3149 344 3209 nt
371 3145 567 3212 auotoritate
601 3151 637 3210 et
668 3145 803 3212 consilio
831 3150 975 3229 regeret,
1014 3163 1079 3208 non
1112 3149 1184 3209 erat

152 3248 202 3312 vir
225 3247 370 3332 prudens
391 3247 444 3312 oui
466 3244 678 3333 eontingeret‚
709 3250 925 3333 paucissimis,
954 3254 992 3312 ut
1014 3247 1054 3311 de
1075 3267 1183 3312 rernm

153 3352 372 3436 menum
410 3355 500 3416 statu
532 3359 619 3418 reete
652 3353 890 3433 existimarent,
931 3371 1093 3436 quumque
1126 3352 1182 3434 qui

153 3457 291 3520 maxime
312 3455 428 3520 nivium
451 3471 581 3520 suorum
602 3456 726 3522 animos
751 3455 799 3522 ‘ad
827 3455 938 3522 studia
965 3454 1061 3520 lande
1084 3454 1182 3538 digna

152 3559 323 3628 inoendere
343 3559 540 3641 nitebantur,
562 3553 687 3627 frustra
708 3560 898 3646 plenumque
912 3563 1102 3640 niterentur,
1127 3559 1181 3626 alii

226 3859 275 3928 48)
294 3859 420 3912 omen.
440 3861 533 3924 Olyntb.
553 3863 592 3924 lli,
612 3860 637 3930 ς.
657 3863 700 3914 21.

218 3947 268 4016 ld,
288 3947 551 4002 demonstratu
569 3952 760 4002 theobenhnds.
797 3953 846 4002 vu.
865 3951 895 4012 ll,
914 3963 937 4015 p.
960 3949 1009 4002 los
1029 3959 1052 4000 et
1074 3951 1131 4002 112.

221 4035 269 4104 dd)
287 4039 316 4088 d.
333 4037 463 4104 &heser
481 4039 599 4092 marn.
618 4057 642 4093 n.
659 4057 679 4093 s.
697 4041 787 4092 Zeitait.
806 4041 834 4092 Τ.
848 4039 866 4099 l,
884 4054 907 4104 p.
921 4039 982 4092 418.
1003 4039 1026 4090 1.
1051 4041 1093 4090 nir.
1106 4055 1175 4106 quam

145 4121 225 4178 trudo
246 4126 354 4178 Boeoti.
370 4127 395 4178 d.
414 4127 573 4182 &muna
591 4131 614 4182 d.
632 4131 743 4192 lemnon,
761 4125 1181 4198 r.1,p.tto·q.non(u.au)t

218 4215 267 4282 51)
289 4217 318 4268 C.
338 4215 376 4268 Fr
406 4217 538 4270 linum
560 4217 645 4272 unt.
661 4221 687 4272 d
703 4233 739 4284 gr.
758 4221 793 4274 St.
812 4215 883 4284 Η
907 4216 965 4276 lid,
987 4215 1027 4268 ld.
