2870 5076
245 617 352 684 differt
363 617 396 704 ¹).
441 617 557 706 Itaque
585 641 626 683 ne
654 617 685 684 vi
717 619 847 714 quidem
877 619 1024 707 praedita
1052 626 1115 703 est,
1143 617 1190 685 ita
1220 626 1255 685 ut
1276 619 1383 708 operari

244 730 332 795 nullo
359 728 453 796 modo
481 729 603 815 possit,·
631 729 688 794 sed
715 739 838 795 tantum
868 729 1052 816 patiatur⁸).
1089 727 1170 808 ‘Quo
1204 727 1237 796 id
1271 749 1383 818 quoqne

243 839 388 922 eflicitur,
419 848 455 905 ut
481 839 618 905 maximo
648 839 764 905 idonea
791 840 847 925 sit,
882 863 965 930 quse
996 841 1152 907 formetur
1181 861 1219 905 ac
1248 839 1382 925 fingetur.

174 939 178 948 ’
244 949 359 1036 Itaque
388 949 450 1014 hac
477 951 605 1038 quidem
636 973 676 1016 ex
704 960 796 1038 parte
819 952 1002 1018 Aristotelis
1034 950 1169 1016 materia
1198 974 1325 1039 prorsus
1345 971 1382 1015 re

243 1059 379 1146 spondet
407 1060 585 1143 substrato,
615 1061 709 1148 quale
731 1060 825 1126 Plato
856 1062 1008 1129 describit
1036 1061 1068 1126 in
1092 1059 1225 1128 Timaeo
1254 1061 1382 1146 dialog03

242 1167 273 1232 id
297 1169 382 1256 quod
404 1171 592 1237 Aristotcles
614 1171 683 1259 ipse
706 1170 828 1257 vidie),
872 1173 1014 1240 Necesse
1038 1181 1148 1237 autem
1171 1191 1242 1237 esse
1264 1169 1383 1237 moterlo

242 1301 302 1366 per
329 1302 363 1344 se
392 1292 500 1346 careat
529 1284 632 1346 forma
662 1291 693 1344 et
722 1281 875 1368 qualitate
897 1283 989 1348 Plato
1019 1282 1183 1370 explicare
1212 1289 1244 1346 et
1272 1279 1384 1344 demon·

242 1400 344 1456 strare
367 1391 474 1457 studet
495 1389 703 1457 similitudine
725 1413 801 1455 usus
825 1391 997 1458 admodum
1028 1393 1144 1459 idonea
1153 1391 1192 1478 ⁴).
1237 1391 1385 1478 Reputan-

242 1499 318 1565 dum
341 1521 410 1566 esse
434 1500 485 1584 ait,
510 1501 534 1566 si
558 1500 681 1588 effigies
704 1500 812 1565 futura
835 1502 876 1566 sit
898 1502 984 1569 omni
1008 1502 1157 1572 distincte
1179 1499 1330 1566 varietate
1351 1495 1383 1562 od

242 1609 445 1698 adspectum,
475 1635 540 1677 non
567 1611 663 1706 'aliter
691 1633 768 1676 sane
795 1611 827 1676 id
850 1604 957 1700 ipsum
979 1613 1011 1678 in
1035 1608 1330 1700 quoexprimenda
1350 1607 1383 1672 sit

240 1720 323 1786 bene
346 1731 571 1809 praeparatum
594 1722 673 1804 fore,
697 1721 757 1786 nisi
781 1745 917 1788 vacuum
940 1723 980 1788 sit
1001 1722 1145 1788 eformis
1165 1721 1228 1786 illis
1251 1719 1383 1786 omnibus

241 1855 319 1919 quas
350 1832 390 1896 sit
420 1843 652 1921 suscepturum.
699 1833 783 1898 Nam
811 1832 915 1898 simile
943 1833 969 1896 si
998 1844 1083 1899 esset
1112 1831 1162 1898 cui
1187 1853 1229 1897 ex
1251 1831 1288 1896 iis
1311 1851 1381 1918 quoe

241 1941 425 2030 recipienda
447 1943 523 2026 sint,
555 1943 582 2007 si
605 1943 666 2008 alia
689 1943 869 2008 contrariae
898 1952 994 2031 etque
1019 1943 1165 2008 diversae
1188 1949 1322 2007 naturae
1342 1960 1383 2003 oo·

238 2053 423 2135 cessissent,
455 2075 491 2116 ea
515 2062 646 2140 accepts
669 2052 753 2118 male
776 2050 975 2118 redditurum
1002 2053 1088 2136 fore,
1118 2075 1190 2118 cum
1214 2073 1272 2117 sua
1293 2049 1382 2138 ipsius

240 2163 363 2252 species
385 2163 601 2228 interluceret.
637 2161 741 2241 Quam
758 2163 798 2227 ob
816 2185 944 2228 causam
967 2164 1164 2229 substratum
1187 2161 1265 2229 illud
1288 2179 1382 2248 neque

239 2272 381 2362 conspici
403 2282 509 2360 potest
530 2282 561 2338 et
584 2282 672 2336 caret
694 2274 807 2351 forma,
831 2266 993 2362 ἆνόρατον
1013 2263 1103 2354 εἶδος
1117 2271 1175 2340 καὶ
1189 2265 1380 2362 duaceno).

240 2384 334 2465 Quod
362 2394 468 2449 autem
499 2382 639 2470 conspici
669 2382 797 2470 nequit,
826 2382 860 2448 id
888 2384 1026 2451 eflicitur
1053 2407 1091 2450 oo
1120 2383 1206 2472 quod
1236 2385 1338 2480 fermo
1357 2390 1383 2446 et
1427 2415 1428 2422 ο

312 2663 329 2728 ¹)
348 2663 409 2716 Met.
434 2664 467 2727 Z,
493 2666 515 2713 3.
544 2665 610 2713 1029
629 2679 645 2712 a
664 2667 709 2713 21:
737 2659 794 2714 ἔστι
816 2657 869 2730 γάρ
889 2681 914 2714 τι
936 2661 1004 2716 καθ’
1025 2649 1058 2714 οὗ
1081 2667 1273 2734 κατηγορεῖται
1290 2658 1381 2715 τοῦτον
1426 2711 1427 2714 ,

236 2747 361 2812 ἕκαστον,
382 2736 402 2816 ᾧ
422 2747 451 2801 τὸ
471 2748 541 2803 εἶναι
560 2749 651 2817 ἕτερον
671 2749 790 2803 καὶτῶν
809 2751 980 2819 κατηγοριῶν
1000 2745 1108 2821 ἑκάστη.

311 2837 329 2900 ¹²)
349 2839 388 2888 De
408 2855 467 2906 gen.
487 2843 511 2888 et
532 2845 643 2903 corrupt.
664 2839 699 2901 11,
719 2841 743 2887 9.
765 2841 813 2890 335
827 2839 844 2888 b
858 2842 903 2888 29:
927 2835 972 2902 τῆς
992 2837 1047 2908 μὲν
1071 2834 1125 2908 γὰρ
1145 2832 1210 2902 ῦλης
1228 2833 1257 2890 τὸ
1276 2833 1382 2904 πάσχειν

197 2911 204 2928 ’
237 2923 294 2977 ἐστὶ
315 2925 362 2975 καὶ
387 2920 416 2976 τὸ
440 2928 593 2988 κινεῖσθαι,
616 2921 649 2978 τὸ,
671 2922 703 2976 δὲ
725 2927 811 2977 κινεῖν
834 2925 881 2975 καὶ
903 2929 994 2978 ποιεῖν
1016 2923 1108 2996 ἑτέρας
1131 2921 1283 2995 δυνάμεως.
1320 2925 1344 2988 1,
1363 2927 1382 2974 l.

238 3012 379 3066 324b18:
398 3007 413 3076 ἡ
434 3010 462 3060 d'
483 3006 532 3074 ὕλη
550 2999 567 3081 ᾗ
587 3006 635 3075 ὕλη
655 3007 818 3076 παθητικόν,

310 3103 328 3165 ⁴)
348 3102 388 3150 De
406 3101 477 3151 coelo
496 3101 544 3163 111,
565 3104 588 3150 8.
609 3098 688 3152 aoob
704 3105 748 3150 l'l:
774 3097 864 3157 ἀειδὲς
881 3101 929 3151 καὶ
946 3091 1079 3172 ἄμορφον
1099 3096 1188 3152 δεῖτὸ
1209 3095 1382 3170 ὑποκείμενον

236 3188 317 3243 εἶναι·
336 3181 528 3262 μάλισταγὰρ
547 3179 581 3238 ἂν
601 3181 670 3238 οὕτω
691 3184 802 3241 δύναιτο
822 3189 1015 3261 ροθμλζεσθαι,
1034 3183 1162 3258 καθάπερ
1181 3186 1212 3241 ἔν
1230 3189 1266 3256 τῷ
1287 3185 1383 3256 Τιμαίῳ
1424 3191 1425 3214 ³

235 3280 404 3346 γέγραπται,
430 3271 459 3326 τὸ
485 3271 629 3340 nordoldo.
666 3275 733 3327 Plat.
753 3277 821 3329 Tim.
842 3293 866 3342 p.
880 3279 958 3328 51A:
976 3272 1078 3329 ταύτὸν
1098 3268 1148 3329 οὖν
1167 3275 1214 3326 καὶ
1232 3276 1269 3342 τῷ
1287 3271 1318 3327 τὰ
1335 3271 1382 3324 τῶν

236 3359 346 3417 πάντων
366 3360 410 3414 ἀεί
426 3379 453 3412 rs
471 3354 559 3415 ὅντων
578 3364 699 3426 (fortasse
717 3363 883 3416 scribendum
902 3372 954 3416 est:
978 3362 1010 3416 τὰ
1034 3364 1089 3417 τῶν
1112 3358 1225 3417 πάντων
1250 3357 1331 3420 ὅντως
1347 3354 1384 3412 dcl

234 3468 262 3503 τε
280 3447 378 3513 ὄντων)
403 3446 472 3499 κατὰ
497 3450 553 3503 πᾶν
577 3449 675 3502 ἑαυτοῦ
699 3446 831 3508 πολλάκις
854 3448 1061 3522 ἀφομοιώματα
1086 3452 1175 3509 καλῶς
1199 3453 1325 3521 μέλλοντι
1347 3447 1383 3499 δέ·
1405 3467 1424 3524 ¹j

231 3541 332 3603 χεοθαι
356 3531 467 3588 πάντων
492 3535 569 3594 ἐκτὸς
594 3535 666 3605 αὐτῷ
692 3537 825 3606 ττροοηκει
850 3544 1005 3608 πεφυκέναι
1028 3539 1083 3593 τῶν
1108 3537 1201 3592 εἰδῶν.
1225 3536 1268 3592 διὸ
1292 3535 1324 3604 δὴ
1341 3533 1382 3600 την

233 3624 282 3677 τοῦ
300 3619 446 3690 γεγονότος
472 3617 573 3690 ὁρατοῦ
598 3627 644 3676 καὶ
670 3622 779 3685 πάντως
804 3627 938 3690 αἰσθητοῦ
961 3629 1065 3698 μητέρα
1089 3627 1136 3678 καὶ
1162 3622 1305 3695 ὑποδοχὴν
1322 3619 1383 3696 μήτε

233 3711 286 3779 γῆν
303 3705 370 3777 μήτε
395 3704 462 3776 ἀέρα
481 3707 548 3778 μήτε
573 3713 628 3780 πῦρ
646 3707 713 3780 μήτε
733 3709 807 3782 ὕδωρ
831 3714 968 3782 λέγωμεν,
992 3709 1060 3784 μήτε
1084 3710 1136 3767 ὅσα
1157 3713 1187 3768 ἐκ
1205 3711 1307 3768 τούτων
1323 3707 1383 3784 μήτε
1422 3751 1423 3756 ,

234 3797 263 3856 et
281 3786 319 3849 ὧν
336 3796 419 3848 ταῦτα
437 3797 560 3866 γέγονεν·
581 3795 643 3850 ἀλλ’
664 3795 802 3865 ἁνόρατον
821 3796 894 3858 εἶδός
911 3820 936 3854 τι
960 3803 1007 3853 καὶ
1031 3795 1173 3872 ἄμορφον,
1197 3801 1382 3872 nordoldo-n

236 3887 361 3954 λέγοντες
379 3879 410 3934 οὐ
431 3880 602 3954 ψευσόμεθα.

304 3973 357 4023 Nos
376 3963 460 4027 ὅντως
483 3977 544 4024 onte
568 3968 614 4024 ἀεί
629 3991 655 4026 τε
677 3967 765 4029 ὄντων
789 3977 920 4028 excidisse
944 3986 1075 4044 putamus.
1113 3977 1190 4030 Certo
1208 3978 1261 4032 τῶν
1280 3973 1382 4029 πάντων
1421 4011 1422 4014 ,

234 4050 425 4122 deludimur,
445 4074 511 4124 quoe
530 4060 655 4128 leguntur
667 4065 695 4114 in
709 4063 785 4115 libris
804 4081 883 4115 mauu
903 4067 1018 4132 scriptis,
1038 4066 1098 4116 ferri
1118 4071 1261 4132 nequeunt,
1280 4079 1336 4117 oum
1353 4057 1380 4113 ιλ

234 4140 277 4196 ἀεὶ
295 4136 361 4196 ὅντα
381 4147 435 4196 sint
452 4146 534 4210 ideae,
560 4150 598 4201 ita
620 4158 650 4203 ut
674 4148 705 4202 τὰ
726 4147 817 4204 πάντα
837 4147 882 4202 ἀεί
897 4169 925 4206 τε
945 4146 1012 4206 ὄντα
1032 4159 1134 4206 essent:
1157 4169 1248 4207 omnes
1266 4159 1291 4206 et
1308 4151 1381 4202 tusce.

233 4230 304 4281 Idam
329 4233 382 4282 ism
400 4233 589 4288 Stollbsumius
614 4239 695 4304 vidit,
722 4239 776 4291 elia
797 4245 884 4293 autem
910 4249 988 4310 etque
1011 4257 1060 4294 nos
1084 4242 1186 4294 ratione
1209 4242 1381 4296 difficultatem
1420 4289 1421 4306 ζ

232 4333 364 4370 removere
382 4321 491 4378 studuit.
527 4327 665 4394 Irrepsisse
684 4329 754 4380 enim
773 4344 858 4382 errore
875 4337 952 4395 putot
968 4347 997 4383 τε
1015 4329 1183 4398 perticulam.

304 4406 327 4476 ⁴)
347 4407 413 4459 Tim.
435 4426 460 4476 p.
473 4413 506 4464 50
515 4413 547 4466 D.

307 4494 544 4564 ⁵)Tim.p.51A.
1419 4513 1420 4558 ζ
