2870 5076
692 453 898 519 „10-

217 623 378 707 Quocirca
401 626 513 692 dentes
535 625 706 712 primores,
729 633 765 690 ut
788 624 934 690 dividant
958 645 1063 707 escas,
1091 622 1228 711 perfecit
1250 631 1358 704 acutos,
1430 639 1431 642 ’

215 738 345 803 latiores
373 737 599 825 plenioresque
626 736 779 817 molares,
809 747 845 800 ut
875 736 963 800 cibos
993 742 1170 800 conterant.
1216 732 1271 800 Sic
1298 733 1360 798 finis
1394 779 1398 794 .

215 848 285 936 ipsc
312 849 559 913 instrumentum
590 869 681 912 suurn
714 845 893 929 constituit,
929 847 1013 934 quod
1048 846 1074 910 si
1106 845 1286 932 perfectum
1313 851 1361 923 est,

217 958 311 1024 etiam
333 954 407 1023 finis
429 956 500 1043 ipse
521 978 557 1021 re
582 956 716 1022 exsistit.
750 957 859 1022 Veluti
881 957 965 1021 oculi
987 955 1060 1020 finis
1083 964 1131 1020 est
1146 953 1267 1036 videre,
1290 973 1362 1040 quae
1430 1011 1431 1014 ,

216 1065 300 1132 actio
322 1076 358 1132 ut
380 1066 575 1154 perficiatur,
605 1077 720 1133 natura
743 1076 893 1155 procreat
915 1067 1057 1146 oculum,
1081 1088 1144 1153 quo
1167 1065 1254 1129 facto
1277 1063 1362 1130 ctiam

217 1176 304 1240 visus
327 1175 419 1241 adest
441 1185 537 1265 atque
559 1176 592 1242 id
615 1178 701 1265 quod
724 1177 851 1242 oculum
875 1175 1084 1242 constituerat
1106 1175 1170 1241 iam
1193 1175 1286 1242 oculo
1307 1173 1364 1239 efli-
1432 1247 1433 1270 χ

197 1366 200 1372 ,
219 1288 311 1351 citur.
349 1284 465 1374 Itaque
488 1295 578 1352 actus
594 1285 725 1354 videndi
748 1309 825 1352 vera
848 1285 931 1351 oculi
946 1287 997 1350 vis
1011 1307 1049 1351 ac
1063 1295 1180 1352 natura
1196 1296 1253 1368 est,
1277 1305 1363 1373 quam

217 1395 258 1462 ob
281 1417 350 1461 rcrn
374 1396 493 1480 oculus,
517 1397 543 1461 si
560 1419 577 1461 e
595 1406 679 1463 statu
702 1397 869 1487 potentiali
884 1397 916 1460 in
932 1405 1040 1464 actum
1061 1397 1186 1479 transit,
1210 1395 1251 1461 ad
1274 1403 1365 1462 semet
1432 1391 1433 1414 ¹

216 1507 322 1595 ipsum
345 1506 437 1594 quasi
459 1507 674 1594 progreditur,
698 1531 769 1574 oum
785 1529 876 1572 suurn
900 1517 1091 1596 assequatur
1104 1507 1212 1574 finem.
1245 1507 1366 1593 Optime

186 1603 189 1610 Δ
217 1617 315 1704 igitur
337 1616 528 1682 Aristoteles
551 1617 640 1683 illum
663 1620 833 1684 transitum
856 1626 951 1683 vocat
973 1613 1129 1686 ἐπίδοσιν
1152 1614 1200 1698 εἰς
1223 1611 1305 1685 otiari
1317 1617 1348 1702 ¹).

302 1726 457 1792 Videmus
480 1727 578 1814 igitur
599 1728 705 1812 linem,
729 1729 761 1794 h.
775 1751 802 1793 e.
826 1752 906 1816 opus
923 1729 1164 1816 exsequendum
1180 1729 1367 1795 constituere

218 1839 265 1904 rei
287 1846 447 1904 naturam.
491 1837 561 1903 Iam
584 1848 619 1904 ut
641 1840 722 1904 bene
745 1861 910 1926 resapere
929 1839 1221 1928 suoiungipossit,
1243 1859 1368 1905 necesse

219 1959 269 2014 est
291 1946 450 2015 efficiatur
471 1949 648 2015 secundum
670 1948 703 2014 id
726 1950 767 2029 ad
790 1949 876 2036 quod
899 1972 979 2038 opus
1003 1959 1139 2038 spectat
1183 1949 1240 2018 Sis
1264 1949 1367 2016 dentes
1430 1987 1431 1990 =

219 2057 481 2126 accommodaudi
503 2068 578 2124 sunt
600 2060 807 2143 nutrimento,
838 2083 903 2148 quo
926 2061 1044 2126 animal
1066 2057 1198 2126 usurum
1221 2069 1281 2141 cst,
1312 2058 1368 2123 luci

218 2170 311 2250 oculi,
336 2191 426 2234 serra
448 2168 555 2255 lignis.
600 2172 709 2257 Atque
731 2171 765 2234 in
785 2170 847 2236 lroc
863 2168 993 2258 quidem
1008 2169 1149 2235 maxime
1164 2171 1237 2235 finis
1262 2178 1370 2236 natura

219 2279 368 2361 cernitur,
399 2288 434 2344 ut
456 2303 507 2344 res
531 2277 570 2345 ad
594 2280 680 2345 aliud
707 2279 785 2366 quid
816 2281 1032 2345 conformetur
1055 2290 1088 2345 et
1108 2280 1313 2363 instituatur3
1341 2276 1370 2341 id

219 2390 304 2479 quod
333 2389 524 2455 Aristoteles
559 2390 679 2477 optime
713 2389 873 2456 intellexit
906 2401 938 2456 et
965 2398 1151 2459 constanter
1184 2413 1243 2479 par
1275 2399 1369 2455 totam

220 2500 398 2566 doctrinam
421 2499 572 2565 servavit.
618 2501 735 2588 Itaque
751 2501 905 2590 cuiusque
925 2501 1071 2568 animalis
1085 2511 1232 2566 naturam
1256 2523 1372 2566 accom-

219 2610 381 2676 modatam
411 2631 481 2676 esse
515 2611 616 2678 voluit
652 2611 810 2678 elemento
838 2611 867 2678 ei
900 2611 933 2677 in
961 2635 1024 2700 quo
1045 2606 1151 2677 'vivat
1195 2613 1272 2678 Non
1294 2610 1374 2676 enim

219 2722 361 2812 putavit,
385 2721 501 2788 animal
525 2722 610 2810 quod
633 2723 689 2789 tali
711 2722 807 2789 modo
830 2723 872 2788 sit
892 2721 1090 2805 institutum,
1121 2723 1154 2788 in
1176 2721 1234 2788 tali
1257 2721 1372 2808 degere

220 2834 388 2915 elemento,
412 2832 468 2898 sed
492 2833 578 2920 quod
599 2833 632 2898 in
654 2833 712 2899 tali
734 2833 892 2900 elemento
915 2835 1056 2899 futurum
1081 2833 1132 2915 sit,
1161 2831 1218 2897 tali
1240 2831 1373 2898 modoa

219 2953 334 3010 natura
353 2942 554 3034 'conformari
585 2953 682 3032 atque
710 2944 845 3011 institui.
890 2943 1015 3026 Veluti,
1044 2943 1252 3009 Aristotelem
1283 2943 1309 3006 si
1331 2963 1372 3006 se·

219 3056 357 3144 quimur,
382 3053 586 3119 terrestribus
610 3055 825 3122 animantibus
847 3064 962 3120 natura
984 3051 1074 3119 dedit
1094 3053 1272 3142 pulmones,
1303 3051 1374 3139 quia

221 3167 359 3232 calorem
383 3163 492 3252 quiin
516 3185 651 3252 corpore
672 3165 757 3232 inest
778 3165 999 3254 refrigeraturi
1027 3147 1129 3230 erant
1146 3185 1236 3246 aere,
1267 3171 1375 3228 conus

221 3275 389 3342 branchias
412 3274 697 3365 piscibus·quippc
726 3300 811 3365 aqua
843 3274 1062 3361 frigefacturis
1071 3273 1107 3359 ²).
1152 3276 1260 3362 Atque
1281 3272 1375 3338 etiam

221 3385 362 3474 alioquin
392 3393 507 3451 natura
538 3387 723 3454 animalium
751 3387 880 3453 vivendi
908 3385 1024 3451 rationi
1049 3385 1211 3450 convenit.
1257 3379 1311 3450 Sic
1333 3381 1376 3446 in·

222 3503 382 3562 sectarum
412 3477 590 3563 ioluorium
624 3520 683 3564 eae
722 3520 804 3584 quae
840 3494 1029 3562 nutrimenti
1057 3493 1257 3560 adsciscendi
1282 3515 1377 3558 causa

160 3686 167 3696 x
220 3609 291 3673 loca
313 3613 439 3671 mutent
461 3629 499 3671 ac
521 3609 660 3694 migrent
682 3617 823 3696 oportet,
852 3616 1004 3694 quattuor
1026 3606 1084 3671 alis
1105 3605 1281 3672 instructae
1304 3612 1378 3670 sunt

221 3727 319 3805 atque
348 3715 470 3782 leviore
494 3739 627 3808 corpore
656 3698 799 3800 utuntur,
828 3715 926 3782 veluti
955 3734 1033 3804 apes
1063 3724 1095 3780 et
1125 3737 1208 3805 quae
1236 3713 1376 3781 eiusdem

222 3836 297 3892 sunt
323 3827 451 3914 generis
463 3825 499 3912 ⁸).
544 3829 671 3896 Pariter
702 3827 784 3894 inter
812 3827 918 3893 avium
949 3837 1055 3893 rostra
1078 3824 1264 3892 discrimina
1284 3824 1380 3889 inter·

222 3938 340 4006 cedunt
368 3959 424 4022 ea,
457 3949 493 4005 ut
526 3939 611 4006 vitae
641 3935 736 4004 modo
770 3937 903 4026 singulis
936 3938 1109 4024 generibus
1142 3935 1273 4024 proprio
1307 3956 1380 4000 con·

298 4242 316 4310 ¹)
336 4241 376 4294 De
394 4245 473 4296 anim.
492 4244 527 4306 H,
545 4245 571 4294 5.
591 4247 640 4294 417
654 4243 671 4295 b
685 4246 715 4296 t:
740 4244 778 4308 εἰς
798 4239 864 4296 αὐτὰ
890 4240 945 4313 γὰρ
968 4240 984 4311 ἡ
1004 4239 1129 4298 ἐπίδοσις
1152 4241 1199 4293 xal
1222 4241 1259 4298 εἰς
1277 4238 1381 4292 latrit-

221 4347 311 4399 xrsur.
348 4331 523 4387 Trendelenb.
543 4336 681 4385 comment.
699 4347 723 4398 p.
739 4334 798 4384 366.

298 4420 317 4484 ²)
335 4419 376 4470 Da
393 4424 459 4486 part.
478 4435 521 4470 an.
540 4418 589 4483 ΠΙ,
609 4423 632 4473 6.
652 4421 688 4474 in.

296 4505 465 4576 ³)n.1.1v,
487 4511 511 4558 6.
531 4505 649 4563 serbe.
