2950 5076
546 414 776 482 ...109-

22 583 23 624 λ
95 590 287 682 deprimunt
309 589 441 679 quidem
465 585 652 656 Alexandro
681 585 873 676 opponimus
900 577 1084 672 διακρίνειν
1105 585 1240 654 κοτίνοιο

94 702 261 792 significare
290 726 354 770 non
382 723 477 790 posse
503 699 589 764 idem
620 707 720 786 atque
753 717 959 785 componere.
1002 695 1087 762 Nam
1116 697 1241 766 etiamsi

95 815 140 882 nbi
161 813 370 882 discernimus
391 833 478 878 nova
500 808 690 898 compositio
712 830 819 876 rerum
845 807 1001 874 exsistere
1017 807 1109 891 solet,
1132 819 1240 877 tamen

94 925 140 992 ubi
161 923 308 1016 componi
330 945 382 990 res
406 921 513 988 dicere
536 920 684 987 volumus
707 942 772 984 non
795 919 871 985 licet
894 919 1001 986 dicere
1024 941 1077 986 eas
1094 918 1242 988 discerni.

94 1037 196 1126 ltaque
216 1037 439 1123 διακριθῆναι
461 1055 526 1098 non
548 1032 633 1098 idem
658 1051 730 1098 asse
752 1038 860 1117 potest
882 1029 969 1118 qnod
986 1032 1155 1120 συστῆναι.
1186 1035 1243 1100 At·

95 1169 149 1236 qna
169 1149 268 1214 rerba
283 1148 503 1230 Anaxagorae
525 1165 608 1232 qnae
625 1141 813 1208 Alexander
828 1141 868 1206 ad
887 1141 1133 1229 explicationem
1151 1167 1243 1215 suam

23 1285 24 1346 ς
94 1255 231 1324 tuendam
258 1258 354 1322 affert
383 1253 445 1342 ipsi
468 1255 540 1342 plus
564 1253 711 1319 officiunt
733 1237 831 1339 quam
854 1261 999 1339 prosunt.
1045 1253 1130 1320 Nam
1153 1277 1245 1324 aceu-

23 1357 24 1404 λ
93 1375 153 1432 rue
171 1367 214 1432 ibi
232 1366 446 1451 Anaxagoras
469 1363 549 1430 duas
571 1363 643 1429 illas
659 1360 711 1427 dei
735 1363 879 1428 actiones
900 1361 986 1428 inter
1009 1385 1044 1428 se
1067 1364 1244 1452 distinguit.

23 1517 24 1524 ι
94 1477 223 1545 Primum
246 1477 331 1543 enim
356 1485 578 1542 secernentem
611 1475 707 1542 deum
729 1471 807 1538 facit
829 1471 952 1538 semina
974 1495 991 1538 e
1015 1475 1151 1542 materia
1173 1501 1245 1544 con·

93 1588 155 1654 luas
180 1599 212 1654 et
240 1587 417 1674 indigesta,
451 1595 519 1650 tum
548 1606 587 1650 ea
614 1592 861 1670 componentem
893 1581 1069 1666 eiusmodi,
1098 1597 1133 1652 ut
1160 1588 1245 1654 hano

23 1715 24 1748 ³
93 1719 187 1766 rerum
202 1698 446 1766 universitatem
462 1695 612 1760 efficiant
635 1693 811 1760 Praeterea
826 1693 853 1759 si
869 1693 1003 1761 facimus
1019 1717 1093 1761 cum
1106 1695 1245 1764 Alexan·

23 1815 24 1890 Ϊ
93 1806 150 1894 dro,
172 1806 343 1876 admodum
365 1805 574 1895 perturbatus
599 1814 648 1870 est
670 1803 902 1870 sententiarum
926 1805 1016 1871 ordo.
1060 1805 1137 1874 Vult
1160 1806 1245 1876 enim

92 1919 267 1990 Alexander
300 1917 401 1984 rerba
433 1915 510 1984 inde
543 1916 584 1982 ab
624 1909 699 1982 ἀλλ’
736 1911 850 2002 ὥσπερ
878 1913 913 1984 ἐν
942 1911 1033 2008 οἰκίᾳ
1066 1941 1169 2007 nsque
1204 1919 1245 1986 ad

92 2035 248 2100 κοινωνεῖν
270 2026 406 2100 ἅπαντα
429 2022 479 2108 είς
500 2026 539 2096 νδ
563 2022 644 2094 ὅλον
665 2050 762 2094 unam
784 2027 916 2094 efficere
938 2030 1123 2117 periodum,
1155 2031 1246 2096 ouius

92 2142 219 2228 protesis
241 2143 443 2208 contineatur
466 2139 589 2206 verbis:
617 2131 694 2205 ἀλλ’
719 2133 834 2224 ὥσπερ
857 2135 891 2204 ἐν
914 2133 1005 2228 οἰκίᾳ
1026 2144 1096 2220 τοῖς
1111 2135 1246 2210 elmet-

93 2276 157 2338 ροις
183 2246 302 2342 ῆκιοτα
335 2251 463 2328 ἔξεστιν
496 2246 515 2316 ὅ
548 2273 581 2316 τι
615 2245 704 2332 ἔτυχε
738 2254 859 2326 ποιεῖν,
894 2241 983 2316 detto
1017 2245 1129 2318 πιῖνια
1157 2246 1178 2339 ῆ
1204 2250 1247 2320 τὰ

95 2363 224 2434 πλεῖστα
245 2363 411 2443 τέτακται,
434 2366 504 2440 τοῖς
519 2354 554 2428 δ’
572 2354 805 2449 ἀνδραπόδοις
819 2360 875 2428 καὶ
891 2366 961 2442 τοῖς
977 2358 1115 2451 θηρίοις
1127 2360 1248 2451 μικρὸν

93 2471 126 2540 sd
147 2469 192 2556 τίς
212 2473 252 2542 sd
274 2470 398 2550 κοινόν,
424 2471 464 2540 sd
493 2471 532 2540 δὲ
554 2471 643 2540 nott
668 2468 687 2540 d
709 2498 742 2540 τι
764 2470 888 2556 ἔτυχεν·
917 2472 1069 2562 apodosis
1099 2475 1162 2543 hia:
1192 2475 1249 2543 καί

94 2573 171 2652 duo
193 2583 298 2666 οῖίκως
318 2581 408 2654 ἐστίν
430 2573 477 2652 niv
499 2588 653 2650 κοινωνεῖ
674 2580 809 2652 ἅπαντα
832 2579 880 2662 εἰς
901 2581 940 2650 sd
966 2581 1056 2652 ὅλον.
1103 2585 1198 2666 Quod
1221 2587 1249 2652 si

93 2695 227 2780 lecimus,
250 2699 334 2764 duae
356 2695 536 2764 sententiae
559 2693 784 2783 explicationis
807 2718 905 2762 causa
926 2695 1136 2786 interpositae
1157 2709 1248 2766 sunt:

93 2804 219 2896 τοιαίπη
241 2807 303 2896 γὰρ
327 2801 468 2874 ἑκάστου
490 2799 572 2893 ἀρχῆ
595 2798 707 2873 αὐταῖν
729 2800 749 2894 ἡ
774 2801 877 2895 φύσις
906 2801 995 2874 ἐστίν
1024 2819 1072 2872 et:
1101 2808 1190 2893 λέγω
1212 2803 1246 2875 δ’

95 2908 159 2984 οἷον
184 2915 233 3000 είς
262 2943 298 3006 γε
327 2915 366 2984 sd
395 2919 614 3006 διακριθῆναι
642 2911 768 3005 ἀνάγκη
796 2915 925 2986 ἅπασιν
954 2916 1078 2998 ἐλθεῖν,
1110 2941 1249 3008 quarum

94 3029 181 3114 prior,
203 3031 231 3097 si
253 3029 312 3098 tali
333 3029 429 3096 modo
452 3028 623 3117 periodum
641 3029 873 3117 componimus,
894 3039 1102 3095 necesseest
1122 3041 1250 3118 spectet

24 3201 26 3224 ,
95 3139 128 3204 ιδ
143 3134 579 3228 civitatemcivitatemr
593 3139 678 3205 enim
689 3140 879 3206 Alexander
898 3163 957 3228 pro
968 3143 1010 3229 τῇ
1023 3134 1114 3230 οἰκίᾳ
1127 3139 1250 3206 Aristo·

24 3285 26 3346 ρ
94 3251 157 3316 telis
177 3250 371 3337 substituit),
400 3251 535 3316 alteram
557 3248 748 3316 Alexander
776 3249 878 3316 refert
903 3251 943 3315 ad
967 3250 1136 3320 mundum.
1183 3250 1250 3320 Sed

94 3360 142 3447 qui
161 3363 229 3428 fieri
251 3371 369 3450 potest,
392 3371 428 3427 ut
443 3359 470 3426 si
486 3371 583 3427 antea
600 3360 809 3450 philosophus
828 3361 928 3426 rerba
944 3362 1023 3428 iecit
1045 3360 1086 3428 de
1108 3362 1251 3446 civitate,

93 3475 242 3542 sententia
264 3495 348 3562 quae
370 3472 455 3559 λέγω
478 3466 512 3538 δ’
536 3463 610 3538 οἷον
637 3471 744 3536 verbis
775 3469 890 3558 incipit
912 3473 1077 3559 pertineat
1099 3474 1141 3540 ad
1165 3497 1253 3540 mnn-

94 3579 160 3650 dum
181 3583 221 3650 de
244 3606 309 3674 qno
332 3593 445 3672 postea
467 3582 585 3670 egitur,
610 3607 682 3650 eum
708 3581 793 3670 λέγω
816 3577 851 3650 δ’
876 3574 950 3650 οἷον
970 3583 1113 3652 formula
1137 3586 1178 3651 sit
1201 3607 1253 3650 ex·

93 3691 256 3776 plicantis‘?
301 3693 477 3760 Praeterea
513 3695 539 3762 si
571 3694 760 3761 Alexander
792 3705 979 3763 contextum
1011 3698 1101 3763 inter
1137 3695 1252 3762 rerba:

93 3795 147 3870 du
168 3801 282 3891 ὥσπερ
305 3804 340 3872 ἐν
361 3801 452 3896 οῖκίρ
476 3843 511 3856 ·-
539 3800 641 3893 φύσις
663 3802 753 3874 ἐστίν
784 3819 815 3872 ot
838 3807 894 3876 καὶ
916 3801 1005 3876 dila
1029 3805 1141 3887 odone
1163 3804 1254 3876 ἐστίν

93 3899 132 3979 da
158 3921 312 3984 κοινωνεῖ
338 3913 473 3984 ἅπαντα
504 3913 551 3998 εἷς
579 3916 619 3986 τὸ
650 3914 739 3998 ὅλον,
776 3919 886 3985 statuit
916 3918 1121 3988 intercedere
1151 3919 1253 3986 huno:

93 4018 196 4118 ὅσπερ
218 4027 276 4098 ἐπὶ
297 4031 339 4117 τῇ
359 4031 420 4116 τῆς
442 4027 619 4110 πολιτείας
645 4023 805 4097 συστάσει
837 4024 949 4098 πάντα
978 4035 1136 4102 κοινωνεῖ
1156 4023 1256 4116 dtul-

93 4132 172 4222 λοις,
205 4136 313 4220 οὕτως
342 4135 408 4210 siud
435 4139 492 4208 καλ
514 4132 603 4208 ιῖλλα
624 4139 700 4208 τινὰ
722 4145 944 4212 κοινωνοῦντα
971 4139 1030 4214 καί
1055 4145 1256 4232 βοηθοῦντα

93 4239 243 4340 δλλῆλοις
266 4246 315 4332 τίς
334 4250 395 4340 τῆν
415 4255 477 4320 τοῦ
499 4247 582 4320 ὅλου
607 4247 858 4342 συμπλήρωσιν,
887 4277 907 4320 a
932 4253 1044 4320 verbio
1068 4253 1257 4322 Aristotelis

93 4353 269 4449 loogissime
291 4362 424 4430 recedit.
455 4363 541 4432 Nem
565 4365 774 4454 philosophus
797 4388 863 4432 non
886 4363 968 4432 dixit
989 4365 1022 4433 in
1048 4365 1183 4432 civitate
1205 4363 1258 4430 vel

94 4471 191 4554 potina
217 4473 340 4542 familis
367 4475 476 4542 omnia
503 4473 589 4542 inter
616 4499 651 4544 τι
680 4499 754 4546 esse
781 4477 966 4562 coniuncta,
1002 4472 1036 4543 id
1070 4474 1161 4566 quod
1189 4473 1260 4542 rnlt
