2870 5076
522 467 727 533 ...59-

63 637 145 704 animi
168 637 310 724 pravitas
332 637 597 728 improbitasque.
633 639 748 728 Itaque
769 639 906 725 privatio
929 637 1077 704 habenda
1100 639 1202 703 estin
1253 645 1259 652 '

62 769 181 815 numero
203 747 435 838 principiorum
448 747 482 834 ¹).
520 749 675 814 Attamen
699 751 855 815 accurate
871 749 897 815 si
919 771 987 814 rem
1011 759 1203 836 spectamus,

62 859 98 923 ita
117 881 177 924 non
201 867 262 941 est,
293 859 350 924 sed
379 859 483 925 forms
509 867 558 923 est
580 859 773 948 principium
799 859 884 948 quod
908 859 1006 924 efficit
1029 857 1203 942 contraria3

62 991 123 1034 nam
148 967 203 1036 ubi
230 967 333 1051 adest,
361 969 459 1034 talem
490 969 656 1035 constituit
682 969 730 1034 rei
759 969 990 1052 conditionem,
1020 967 1075 1036 ubi
1103 967 1204 1048 abest,

62 1101 120 1144 esna
142 1101 226 1166 quae
247 1078 297 1144 illi
321 1077 362 1142 sit
384 1079 555 1163 contraria,
580 1080 700 1167 pariter
722 1087 820 1167 atque
835 1078 1032 1166 gubernator
1053 1100 1206 1167 praesens

63 1211 147 1255 cansa
167 1189 239 1256 suit*
250 1187 342 1254 navis
365 1198 524 1273 servatae,
548 1211 680 1256 eversae
703 1190 819 1254 absens
830 1188 867 1274 ¹).

134 1301 282 1388 Apparet
309 1299 408 1386 igitur
434 1300 644 1368 Aristotelem
674 1323 739 1365 non
767 1319 876 1365 secum
903 1299 1087 1382 dissentire,
1121 1297 1206 1387 quod

62 1409 128 1475 tter.
150 1411 189 1493 A,
213 1409 244 1475 3.
268 1409 519 1500 983024seqq.
543 1433 655 1476 causas
685 1431 755 1475 esse
779 1409 905 1475 statuit:
936 1409 1209 1508 formampmate·

63 1518 147 1598 nam,
173 1543 304 1586 eausam
333 1531 532 1603 moventem,
565 1521 678 1608 finem3
709 1522 807 1609 Phys.
831 1521 864 1601 I,
888 1521 917 1585 7.
944 1521 1109 1586 letata:
1137 1521 1208 1585 sub-

63 1639 200 1712 stratum,
233 1632 384 1715 formam,
419 1633 650 1719 privationem
679 1631 758 1698 Met.
782 1639 821 1698 A
828 1683 837 1716 ‚
859 1631 889 1695 4.
916 1631 998 1697 1070
1014 1632 1034 1696 b
1050 1630 1208 1718 25seqq.:

63 1737 196 1823 formam,
218 1741 442 1829 privationem,
465 1741 644 1820 materiam,
668 1763 798 1807 caueam
816 1751 1010 1808 moventem.
1046 1739 1133 1806 Nam
1149 1739 1209 1803 hae

63 1849 195 1936 singulae
219 1873 386 1918 causarum
410 1854 510 1918 series
526 1875 637 1918 omnes
654 1852 694 1918 ad
711 1852 847 1918 eandem
870 1853 994 1918 formae
1009 1859 1042 1916 et
1054 1849 1210 1915 materiae

63 1959 285 2046 oppositionem
308 1963 445 2028 redeunt
453 1961 489 2047 ⁸).

138 2071 182 2136 At
203 2071 280 2137 eatis
303 2095 366 2138 non
391 2083 440 2138 est
462 2072 568 2138 dicere
591 2075 739 2139 morbum
764 2095 834 2138 esse
860 2073 1075 2161 privationem
1098 2069 1211 2136 sanita·

63 2179 113 2260 tis,
137 2181 288 2246 tenebras
310 2181 406 2258 lucis,
434 2183 562 2248 virtutis
585 2182 833 2272 turpitudinem
862 2183 961 2248 immo
989 2180 1209 2270 quaerendum

64 2297 119 2370 est,
151 2289 227 2378 quid
256 2300 293 2355 ut
325 2291 428 2356 forma
458 2291 542 2358 absit
578 2295 733 2360 effecerit.
781 2294 877 2373 Quod
911 2301 947 2358 ut
974 2289 1211 2377 intellegamus,

64 2398 161 2484 paullo
179 2401 288 2466 'altius
323 2403 534 2488 repetendum
568 2414 627 2469 est.
672 2403 854 2492 Distinguit
883 2415 990 2470 autem
1019 2400 1211 2468 Aristoteles

66 2505 119 2572 duo
146 2497 361 2598 potentiarum
384 2513 451 2578 sive
474 2514 590 2580 virium
613 2537 749 2602 genera:
772 2515 933 2603 potentias
956 2511 1157 2578 irrationales
1181 2520 1213 2575 et

66 2617 225 2687 rationales
234 2621 275 2707 ‘),
312 2645 446 2710 quarum
481 2625 605 2711 priores
636 2625 781 2710 singulae
811 2599 1096 2711 queWriiriib'i
1113 2621 1212 2712 nuid-

66 2725 145 2811 ptam
172 2731 331 2814 efficiunt,
373 2733 471 2798 veluti
505 2733 649 2821 potentia
684 2733 894 2800 calefaciendi
934 2732 1074 2798 calorem
1106 2755 1213 2820 neque

67 2897 252 2914 Q.—

128 3015 146 3078 ')
163 3019 224 3069 bist.
244 3021 284 3082 A,
302 3023 327 3070 4.
348 3023 414 3071 1070
427 3019 445 3070 b
459 3023 508 3072 16:
531 3014 636 3072 τούτων
659 3019 714 3087 μὲν
737 3014 790 3074 οὖν
806 3021 890 3072 ταῦτα
910 3022 1031 3088 στοιχεῖα
1050 3016 1098 3068 καὶ
1116 3014 1212 3085 ἀρχαί,

67 3091 147 3156 sillan
164 3101 192 3156 δ’
212 3101 293 3166 sitio,
317 3101 570 3159 namneticum
588 3106 643 3180 μὲν
660 3108 748 3159 εἰπεῖν
767 3105 819 3158 οὐκ
842 3107 925 3169 ἔστιν,
949 3106 987 3172 τῷ
1012 3099 1153 3171 ἀνάλογον
1172 3101 1213 3166 δέ,

67 3183 148 3258 ὅσπερ
165 3196 192 3244 τί
206 3211 246 3251 τις
264 3195 336 3245 einos
355 3189 396 3246 ὅτι
415 3190 502 3261 ἀρχαί
518 3195 570 3246 τίσι
589 3199 669 3263 τρεῖς,
688 3192 718 3247 τὸ
738 3193 812 3252 eicior
829 3195 876 3246 καί
893 3189 1046 3261 ἡστίρησις
1064 3193 1111 3242 καί
1123 3188 1140 3256 ἡ
1154 3187 1213 3255 ὕλη.

129 3281 245 3348 ⁸)Pbys.
265 3282 286 3345 1,
306 3286 331 3332 ⁷.
354 3287 399 3332 191
415 3298 432 3333 a
444 3285 473 3332 4:
498 3283 546 3333 καὶ
564 3279 649 3348 δῆλόν
667 3281 742 3336 ἔστιν
760 3279 801 3336 ὅτι
815 3277 1040 3334 detrinentum
1054 3297 1079 3330 τι
1097 3282 1154 3336 τοῖς
1173 3277 1214 3331 ἐν·

65 3369 155 3425 ancre
179 3369 227 3420 aab
248 3364 379 3422 τάναντία
402 3365 453 3422 δύο
476 3367 554 3422 εἶναι.
586 3368 691 3440 τρόπον
716 3370 750 3422 σί
770 3387 830 3422 τινα
859 3362 943 3420 ἄλλον
970 3362 1020 3418 οὐν
1047 3363 1213 3434 ἀναγκαῖον·

66 3451 152 3509 unsar
169 3453 224 3526 γὰρ
243 3455 320 3509 ἔσται
337 3453 367 3510 τὸ
386 3455 480 3524 ἕτερον
499 3458 553 3510 τῶν
572 3455 705 3511 ἐναντίων
724 3461 814 3512 ποιεῖν
826 3457 858 3529 τῇ
871 3453 995 3522 ἀπουσίᾳ
1013 3457 1060 3508 καί
1072 3458 1214 3526 παρουσίᾳ

66 3537 106 3602 τὴν
121 3539 283 3613 μεταβολήν.
318 3545 381 3600 biet.
403 3545 435 3610 Θ,
456 3549 479 3596 2.
500 3549 567 3597 11146
580 3546 598 3597 b
613 3553 658 3600 14:
684 3543 774 3617 ἡγὰρ
794 3547 917 3617 στέρησις
935 3539 950 3608 ἡ
970 3539 1063 3613 πρώτη
1082 3537 1112 3596 τὸ
1133 3542 1214 3596 ἐναν-

66 3631 124 3690 τίον,
148 3627 215 3696 αὕτη
238 3629 267 3685 δ’
287 3629 422 3701 ἀποφορὰ
446 3635 572 3700 θατέρου.
610 3635 640 3698 Ζ,
659 3641 683 3690 7.
706 3639 771 3687 1032
786 3633 803 3685 b
817 3639 844 3685 t:
870 3634 916 3684 aot
935 3629 988 3700 γὰρ
1008 3632 1062 3686 τῶν
1081 3630 1215 3686 ἐναντίων

66 3713 159 3782 τρόπον
181 3715 242 3771 τινὰ
265 3715 295 3771 τὸ
319 3715 385 3772 αὐτὸ
412 3717 500 3778 εἶδος·
522 3721 568 3785 τῆς
585 3718 640 3790 γὰρ
659 3719 808 3792 στερήσεως
826 3715 908 3772 οὐσία
926 3715 942 3784 ἡ
961 3715 1041 3770 οὐσία
1060 3714 1076 3784 ᾗ
1094 3715 1214 3772 ἀντιτει-

65 3803 134 3870 ίίίτη,
152 3797 213 3859 οἷον
230 3799 319 3874 ὑγίεια
338 3803 434 3873 νόσου,
454 3807 558 3873 ἐκείνης
574 3807 628 3877 γὰρ
647 3805 771 3876 ἀπουσίᾳ
789 3807 918 3874 δηλοῦται
936 3801 1054 3874 ἡνόσος.
1082 3805 1164 3874 Phys.
1177 3806 1213 3868 ΙΙ,

67 3891 86 3938 3.
105 3895 150 3944 itt
163 3911 180 3946 a
195 3899 240 3945 lt:
259 3892 297 3946 ἔτι
316 3893 348 3945 δὲ
364 3891 394 3946 rai
414 3891 480 3947 αὐτὸ
500 3897 554 3948 τοῖν
573 3895 704 3950 ἐναντίων
724 3897 798 3951 ἐστίν
811 3899 906 3948 cirron·
925 3887 1007 3962 δγάρ
1021 3889 1112 3960 παρὸν
1125 3895 1214 3944 αίττον

67 3977 147 4042 τοῦδε,
165 3982 246 4035 τοῦτο
265 3983 311 4032 καὶ
329 3977 405 4035 ἀπὸν
422 3978 574 4053 αἰτιώμεθα
593 3983 679 4038 ίνίοτε
697 3985 746 4036 τοῦ
764 3984 902 4048 ἐναντίου,
926 3976 987 4035 οἷον
1004 3979 1052 4047 τὴν
1071 3976 1214 4032 ἀπουσίαν

68 4065 110 4114 rori
131 4063 296 4138 κυβερνήτου
319 4069 364 4134 τῆς
385 4069 434 4120 τοῦ
457 4071 558 4122 πλοίου
583 4066 749 4140 ἀνατροπῆς,
775 4059 808 4123 οὗ
831 4065 864 4138 ἦν
883 4067 899 4136 ἡ
917 4070 1058 4138 παρουσία
1078 4069 1151 4118 ciria
1169 4065 1215 4129 τῆς

68 4157 205 4222 σωτηρίας,
232 4156 651 4222 ooll.Met.A,2.101tb11.
687 4159 768 4226 Phys.
789 4159 853 4227 vn,
874 4161 897 4208 8.
918 4159 1056 4208 escort:
1084 4149 1134 4204 οὔτε
1158 4152 1215 4204 ἔστι

68 4235 95 4290 ii
112 4235 203 4309 cirsai
220 4240 301 4312 ἀρετὴ
320 4237 382 4296 οὔτε
401 4241 517 4309 ἡκακία
538 4241 691 4313 ἆίίοίυσις,
714 4243 777 4299 ἄίί’
798 4244 813 4314 ἦ
831 4247 886 4321 μὲν
904 4239 986 4316 ἀρετὴ
1007 4243 1143 4300 ττίείυσίς
1167 4257 1215 4302 τις,

70 4325 158 4396 ···.ri
176 4330 207 4384 ii
225 4335 309 4384 κακία
328 4329 425 4402 φθορὰ
441 4327 541 4386 τούτου
559 4334 606 4386 ταὶ
625 4333 759 4394 ἔκστασις.

134 4415 211 4484 ¹)ct
231 4421 333 4474 Bnnits.
351 4421 469 4490 ascopa.
489 4429 626 4474 comment.
644 4439 669 4492 p.
682 4425 742 4478 482.

132 4505 232 4574 ssat.
253 4509 285 4576 Θ,
305 4513 329 4564 2.
350 4516 373 4564 t.
