2870 5076
701 431 970 496 -18-.

228 606 363 664 naturae
385 608 515 687 praeter
537 599 594 665 has
617 610 685 666 tres
709 625 822 668 causas
837 603 1061 691 requirebatur
1076 603 1222 684 materia,
1244 605 1369 694 hioquo

209 731 291 796 ,que
314 732 394 797 opus
418 722 467 776 est
489 711 662 776 substrato.
709 711 816 789 Quam
847 713 887 778 ob
916 737 985 780 rem
1008 715 1199 781 Aristoteles
1222 715 1368 804 pergitis

228 819 313 886 huno
341 821 486 887 modum:
518 822 618 888 τοῦτο
647 815 680 887 δ’
712 818 848 905 ἔσχατον
879 823 919 892 τὸ
952 827 1089 906 ποιοῦν,
1122 825 1179 893 καὶ
1211 825 1251 893 art
1279 822 1370 904 οὕτως

227 931 329 1020 μέρος
351 929 420 1000 ἐστὶ
441 934 501 1020 τῆς
521 927 650 1020 ὑγιείας
672 933 729 1001 καὶ
751 927 810 1023 άῆς
832 931 949 1019 οἰκίας,
974 929 1047 1004 οἷον
1064 931 1097 1004 οἱ
1113 934 1221 1018 λάθοι,
1237 936 1299 1004 καὶ
1316 931 1370 1003 πάν

224 1035 350 1110 άλλων.
381 1039 467 1112 ὥστε
494 1039 653 1135 καθάπερ
682 1045 827 1134 λέγεται,
856 1042 1021 1115 ἀδύνατον
1042 1045 1205 1134 γενέσθαι
1227 1045 1257 1116 εἰ
1277 1046 1371 1136 μηθὲν

228 1151 457 1244 προϋπάρχοι·
487 1153 622 1240 ὅτιμὲν
644 1149 705 1226 οὖν
726 1183 760 1226 τι
781 1158 882 1247 μέρος
904 1155 941 1239 ἐξ
962 1152 1105 1246 ἀνάγκης
1127 1153 1291 1249 ὑπάρξει,
1314 1181 1371 1248 φο-

227 1262 334 1355 νοράν·
358 1261 456 1356 ἡγὰρ
478 1264 542 1356 άλη
556 1267 667 1355 μέρος·
685 1265 862 1356 ἐνυπάρχον
883 1270 945 1358 γάρ
960 1269 1017 1338 καὶ
1032 1267 1181 1354 γίγνονοι
1203 1267 1297 1358 αὕτη.
1330 1270 1372 1336 Ex

229 1379 344 1468 quibus
376 1390 511 1467 apparet
540 1379 572 1444 in
601 1380 678 1445 artis
708 1382 929 1448 effectionibus
953 1405 1082 1468 semper
1104 1384 1226 1470 requiri
1249 1383 1374 1448 substra-

228 1500 306 1574 tum‚
331 1489 417 1578 quod
440 1499 514 1556 ante
530 1491 690 1558 actionem
708 1501 740 1556 et
755 1501 862 1558 ortum
878 1503 1044 1580 suppetat3
1067 1494 1167 1559 verba
1186 1502 1374 1559 autemeam

228 1625 293 1669 non
316 1612 390 1668 sunt
401 1602 437 1685 ¹).

313 1714 361 1782 Ut
388 1713 499 1801 pauois
531 1713 794 1802 complectamur,
821 1737 904 1802 quae
935 1715 1085 1802 proxime
1113 1717 1277 1804 disputata
1305 1720 1375 1792 sunt,

227 1823 364 1890 vidimus
388 1848 429 1890 ex
453 1834 604 1912 quattuor
619 1849 699 1912 quas
715 1825 907 1890 Aristoteles
927 1825 1018 1912 ponit
1033 1829 1138 1891 causis
1160 1837 1227 1892 tres
1242 1824 1275 1890 in
1289 1845 1373 1889 unam

228 1937 320 2023 quasi
344 1935 429 2001 coire
447 1945 545 2024 atque
568 1937 661 2018 hane,
683 1945 719 2000 ut
742 1942 869 2000 exstare
885 1935 997 2023 possit,
1018 1937 1186 2024 requirere
1208 1934 1373 2002 materiam.

227 2047 344 2135 Itaque
374 2047 438 2111 iam
466 2044 739 2133 progrediendum
769 2045 863 2110 nobis
894 2056 943 2110 est
971 2045 1012 2110 ad
1039 2046 1196 2114 materiae
1225 2054 1375 2123 naturam,

229 2157 358 2246 qualem
381 2156 574 2222 Aristoteles
603 2155 818 2238 constituerit,
848 2156 1124 2222 considerandam.
1168 2155 1220 2224 Ao
1249 2154 1375 2244 primun

228 2267 359 2357 quidem
388 2267 596 2355 philosophus
625 2267 794 2332 materiam
823 2287 884 2331 neo
914 2275 1016 2332 ortam
1045 2287 1116 2332 esse
1143 2287 1205 2332 nec
1227 2287 1321 2354 posse
1340 2263 1376 2327 in·

228 2379 325 2446 terire
352 2378 470 2444 statuit.
517 2375 613 2456 Quod
637 2376 847 2464 comprobare
877 2377 985 2444 studet
1014 2377 1293 2469 argumentatione
1316 2375 1375 2440 fere

227 2490 304 2554 hac:
330 2486 551 2575 „Quatenus,“
569 2487 613 2552 ait
628 2487 727 2576 Phys.
745 2487 772 2571 Ι,
785 2487 815 2552 9.
834 2487 895 2552 192
912 2510 931 2552 a
946 2487 1095 2575 25seqq.,
1120 2486 1276 2574 „materia
1291 2480 1376 2550 estid

187 2651 190 2659 ,
229 2601 364 2687 inquo,
393 2597 432 2665 τὸ
455 2597 489 2665 ἐν
514 2587 549 2688 ᾦ,
581 2597 648 2664 soil.
674 2599 779 2664 forma
810 2620 880 2665 esse
903 2607 1024 2687 potest,
1056 2598 1133 2663 h.e.
1157 2606 1315 2686 quatenus
1335 2599 1378 2658 est

227 2709 365 2800 privatio
387 2709 440 2796 (τὸ
463 2709 499 2778 ἒν
523 2697 550 2798 ᾧ
573 2710 711 2775 formula
734 2709 811 2797 quid
841 2709 902 2774 sibi
925 2707 1020 2792 velit,
1047 2708 1247 2795 intellegitur
1269 2705 1377 2772 collata

228 2819 389 2888 locutione
411 2816 491 2889 τόδε
514 2817 549 2888 ἓν
570 2820 680 2908 τῷδε),
711 2843 769 2907 per
791 2841 826 2884 se
848 2819 967 2886 interit.
1011 2819 1049 2886 Id
1074 2819 1160 2886 enim
1184 2817 1271 2906 quod
1291 2815 1324 2881 in
1345 2835 1378 2878 ea

228 2931 312 3021 perit
335 2942 383 3000 est
404 2931 542 3020 privatio
558 2930 658 3018 (quae
673 2939 769 2995 antea
785 2940 854 2996 erat
874 2930 942 2995 eius
964 2929 1114 3012 conditio,
1129 2929 1192 2996 ubi
1215 2926 1294 2995 nihil
1315 2933 1377 2992 arat

227 3043 288 3110 nisi
309 3042 348 3111 τὸ
371 3041 406 3110 ἐν
428 3031 482 3131 ᾧ);
506 3049 619 3107 contra
643 3049 800 3129 quatenns
823 3049 871 3105 est
893 3039 1070 3106 seeundum
1092 3039 1279 3128 potentiam,
1301 3033 1378 3104 ποτά

225 3152 286 3242 τὴν
307 3147 461 3237 δύναμιν,
485 3150 516 3218 h.
534 3175 562 3218 e.
587 3161 745 3240 quatenus
768 3160 817 3218 est
838 3149 983 3239 potentia
1006 3172 1047 3216 ex
1070 3171 1209 3237 quares
1232 3152 1378 3227 oriuntur,

226 3287 287 3354 per
315 3289 349 3332 se
377 3287 442 3331 non
473 3263 572 3350 perit,
601 3261 657 3328 sed
686 3284 792 3350 neque
821 3270 1044 3349 corrumpatur
1071 3284 1131 3326 neo
1152 3283 1294 3349 unquam
1314 3269 1379 3326 orta

176 3362 185 3372 ’
226 3375 268 3440 sit
288 3386 422 3441 neeesse
446 3384 504 3438 est.
551 3371 630 3439 Sive
653 3373 738 3438 enim
763 3381 834 3438 orta
856 3383 914 3457 est,
937 3370 1146 3467 suppeditare
1162 3371 1239 3459 quid
1253 3391 1380 3438 neeesse

229 3494 299 3550 erat
320 3487 408 3572 prius
433 3506 475 3548 ex
498 3507 561 3572 quo
585 3485 747 3550 substrato
770 3493 929 3566 oreretur,
951 3479 991 3550 τὸ
1014 3480 1051 3560 ἐξ
1072 3469 1113 3548 οὗ
1135 3477 1379 3572 ἐνυπάρχοντος,

228 3595 270 3660 of.
286 3594 565 3682 Trendelenburg.
590 3596 713 3660 Hister.
729 3594 828 3660 Beitr.
844 3594 871 3676 Ι,
895 3618 926 3681 p.
942 3593 1003 3658 110
1025 3602 1091 3659 not.
1108 3593 1139 3658 3.
1169 3594 1263 3662 Haeo
1278 3602 1380 3660 nutem

228 3706 385 3774 materiae
407 3705 507 3794 ipsius
528 3717 576 3772 est
598 3685 728 3783 natura,
752 3704 818 3769 soil.
841 3713 877 3768 ut
898 3704 1094 3769 substratum
1119 3704 1161 3770 sit
1183 3726 1225 3771 ex
1248 3727 1309 3796 quo
1331 3723 1379 3768 res

228 3817 384 3901 oriuntur,
410 3816 471 3882 192
486 3839 506 3882 a
522 3816 578 3881 30:
601 3818 698 3885 τοῦτο
723 3809 755 3881 δ’
781 3812 869 3882 ἐστὶν
891 3807 995 3902 αὐτῆς
1016 3808 1037 3902 ἡ
1062 3808 1173 3904 φάσις,
1198 3818 1239 3882 of.
1261 3811 1379 3882 Bonita.

228 3928 364 3994 Aristot.
388 3926 481 3994 stud.
503 3951 535 4014 p.
557 3927 632 4009 192,
654 3928 753 3994 τοῦτο
777 3920 808 3993 δ’
834 3923 922 3992 ἐστὶν
944 3920 1026 4015 αὐτὴ
1048 3919 1069 4015 ἦ
1094 3920 1212 4014 φάσις,
1241 3924 1379 3992 Bekker.

227 4039 343 4126 Itaque
366 4047 471 4104 ortam
493 4059 563 4103 esse
586 4029 753 4104 materiam
776 4037 803 4102 si
819 4045 1041 4121 statueremus,
1064 4040 1177 4105 fuisset
1198 4037 1379 4126 priusquam
1427 4019 1428 4078 i

227 4158 297 4216 orta
320 4158 414 4215 esset.
459 4149 544 4214 Nam
568 4149 703 4214 materia
725 4147 829 4214 estid
852 4145 939 4234 qnod
968 4156 1016 4214 est
1037 4148 1176 4237 primum
1200 4147 1313 4234 cuique
1335 4138 1380 4207 rei

226 4259 434 4344 substratum,
457 4282 498 4328 ex
515 4282 581 4349 quo
593 4259 673 4326 haee
689 4258 798 4344 oritur,
820 4281 892 4325 oum
908 4258 1014 4348 ipsum
1031 4259 1133 4327 subsit
1147 4281 1212 4326 non
1230 4279 1288 4346 per
1303 4250 1380 4318 aeci·
1427 4263 1428 4346 ρ

301 4493 318 4558 ¹)
338 4493 377 4546 Cf.
397 4511 499 4551 exours.
518 4497 538 4549 1.
