2870 5076
675 419 882 486 -28-

288 587 398 677 Atque
420 589 475 656 ubi
498 589 598 678 partis
620 600 735 657 natura
758 597 806 655 est
828 611 877 672 ea,
901 597 936 656 ut
956 614 1015 678 per
1035 611 1071 658 se
1086 591 1234 661 turbaret
1255 598 1354 656 totum

204 723 334 788 corpus,
366 699 399 765 id
422 710 457 766 ut
479 709 693 782 removeatur,
722 724 797 788 pars
824 699 933 766 addita
961 711 1011 767 est
1033 701 1196 790 qualitatis
1218 701 1265 768 illi
1288 723 1354 766 con·

101 797 104 811 Ι
202 811 336 892 trariae,
375 834 440 898 qua
472 811 556 876 iusta
588 810 730 898 corporis
765 811 937 899 temperies
966 821 998 876 et
1026 811 1240 900 aequabilitas
1272 811 1355 878 resti·

202 919 355 1006 tuatur¹.)
401 918 457 986 Sic
479 929 612 1003 natura,
642 930 678 986 ut
705 921 847 1009 corporis
870 919 1080 1008 aequabilitas
1103 931 1356 1003 conservaretur,

203 1029 291 1096 cordi
314 1029 457 1096 calidiori
480 1029 625 1116 frigidius
649 1031 800 1118 opposuit
787 1029 992 1096 cerebrum
1001 1029 1036 1116 )
1071 1030 1186 1119 Itaque
1210 1029 1356 1119 quamvis

201 1161 253 1206 res
276 1149 383 1205 totae
405 1142 551 1225 partibus
575 1149 716 1221 constet,
744 1150 851 1208 tamen
874 1150 982 1228 partes
1005 1161 1180 1230 earumque
1202 1152 1357 1228 naturae

200 1250 297 1318 totius
327 1251 457 1317 notione
489 1273 665 1339 suspensae
696 1262 780 1317 sunt.
826 1254 944 1320 Totum
968 1251 1144 1339 quidem
1119 1273 1189 1318 sine
1211 1251 1356 1340 partibus

203 1383 274 1428 esse
296 1384 361 1448 non
383 1371 500 1450 potest,
524 1387 621 1450 quam
636 1361 676 1427 ob
694 1384 822 1428 caueam
844 1373 953 1450 partes
968 1362 1122 1444 oriuntur,
1147 1385 1260 1428 verum
1277 1385 1357 1450 quae

201 1482 309 1559 partes
333 1471 560 1538 adsciscendae
584 1473 661 1554 siut,
686 1471 797 1559 quales
821 1471 884 1537 rint
905 1470 1150 1540 instituendae'
1142 1496 1175 1538 ru
1198 1493 1358 1561 quemque

202 1580 420 1668 disponendae
443 1583 598 1667 ordinem,
622 1581 786 1649 constituit
806 1581 895 1648 notio
918 1581 1024 1664 totius,
1047 1582 1143 1647 itaut
1164 1591 1267 1650 totum
1291 1605 1359 1670 par·

202 1691 287 1758 tibus
310 1690 352 1756 sit
374 1691 462 1780 prius
474 1693 509 1779 ¹.)

181 1793 186 1808 ’
288 1800 354 1868 Sed
392 1802 455 1868 alia
494 1812 587 1892 praet
588 1825 662 1871 eree
699 1801 844 1891 partibus
880 1800 962 1867 ratio
995 1803 1079 1869 inter
1111 1825 1146 1868 se
1178 1802 1358 1872 intercedat

202 1921 346 2000 oportet,
379 1922 416 1978 ut
448 1914 589 1980 omnium
621 1914 706 1980 inter
739 1937 774 1979 se
802 1911 1025 1978 convenientia
1056 1923 1154 2001 atque
1186 1914 1359 1980 concordia

202 2023 300 2111 plena
326 2020 367 2086 sit
394 2043 433 2086 ac
461 2024 614 2111 perfecta.
658 2025 801 2090 Necesse
830 2023 914 2088 enim
937 2031 1002 2105 est,
1032 2031 1068 2089 ut
1090 2045 1147 2089 eae
1171 2045 1256 2112 quae
1278 2024 1359 2090 infe-

202 2131 294 2198 rioris
317 2139 391 2197 sunt
415 2132 545 2217 ordinis,
574 2133 634 2200 etsi
656 2157 746 2200 suam
769 2134 890 2200 habent
876 2141 1058 2198 tnaturam
1080 2157 1238 2223 suumque
1261 2134 1358 2202 finem

201 2251 388 2329 sequuntur,
411 2242 554 2309 serviant
575 2244 860 2332 praestantioribus
882 2241 1133 2331 potioribusque.
1163 2244 1237 2326 Quo
1260 2245 1308 2328 lit,
1326 2257 1359 2311 ut

202 2355 248 2418 alt
235 2363 305 2418 tera
328 2375 402 2438 pars
426 2353 518 2418 alteri
541 2354 582 2420 sit
602 2353 805 2421 instrumenti
828 2353 938 2420 instar.
973 2350 1029 2420 Sic
1051 2353 1235 2424 animalium
1257 2366 1359 2424 toturn

203 2487 319 2551 corpus
341 2464 590 2532 instrumentum
614 2474 664 2531 est
684 2464 810 2532 animae
820 2463 857 2550 ¹.)
891 2462 991 2530 Cuius
1012 2467 1191 2532 sententiae
1205 2467 1297 2534 locus
1314 2476 1360 2532 est

201 2574 350 2662 egregius
379 2572 420 2637 de
447 2582 530 2660 part.
560 2596 613 2642 sn.
643 2575 711 2660 IV,
729 2575 777 2642 10.
806 2575 866 2640 687
884 2578 988 2641 al-
997 2575 1052 2658 23,
1083 2574 1138 2640 ubi
1167 2578 1359 2644 Aristoteles

202 2683 344 2772 disputat
311 2693 485 2750 aeontra
507 2686 753 2774 Anaxagoram,
782 2686 837 2774 qui
865 2685 1025 2751 hominem
1054 2706 1124 2752 esse
1147 2687 1275 2754 dixerat
1298 2687 1359 2754 aui·

161 2815 162 2820 ’
202 2795 335 2874 melium
357 2795 643 2882 sapientissimum,
674 2821 746 2864 eum
769 2796 902 2863 haberet
923 2819 1050 2878 manus,
1079 2797 1164 2884 quod
1188 2795 1359 2886 Stagirites

202 2904 361 2972 convertit
374 2905 430 2990 ita,
446 2918 482 2972 ut
496 2906 592 2973 homo
608 2907 725 2974 babeat
740 2929 864 2987 manus,
887 2929 960 2972 cum
975 2906 1092 2974 animal
1107 2907 1148 2974 sit
1166 2908 1360 2997 sapientissi-

278 3149 345 3214 ¹)1..
363 3149 381 3203 l.
400 3149 435 3212 Π,
455 3151 478 3196 7.
500 3149 550 3200 666
565 3151 639 3200 ael·
658 3141 701 3199 del
718 3143 772 3216 γάρ
790 3142 807 3213 ἡ
827 3143 911 3218 φύσις
927 3148 1084 3218 μηχανᾶται
1099 3165 1169 3219 προς
1180 3166 1230 3216 την
1242 3145 1359 3204 ἕκαστον

201 3233 357 3305 ὑπερβολὴν
375 3230 508 3302 βοηθειαν
526 3231 574 3298 τὴν
592 3232 642 3286 τοῦ
660 3232 786 3288 ἐναντίου
805 3235 969 3306 παρεδρίαν,
988 3237 1035 3292 ἵνα
1054 3231 1207 3306 άνισάζῃ
1181 3254 1228 3302 την
1243 3239 1360 3306 θατέρου

202 3319 356 3394 ὑπερβολήν
374 3317 502 3389 θάτερον.

276 3412 346 3476 ’.)Ιι
366 3412 438 3475 1.11,
459 3416 482 3467 7.
503 3410 645 3464 scabro·
670 3407 729 3464 ἐπεὶ
753 3405 781 3462 d
802 3388 913 3466 ἅπαντα
935 3411 1024 3464 ’δεῖται
1047 3410 1092 3476 τῆς
1114 3409 1279 3469 ὲναντίας’
1264 3411 1360 3484 ροπῆς,

201 3502 248 3554 ἵνα
267 3493 388 3568 τυγχάνῃ
407 3497 457 3550 τοῦ
479 3499 592 3567 μετρίου
616 3498 663 3549 καὶ
685 3498 734 3550 τοῦ
756 3499 844 3568 μέσον
864 3497 923 3567 (τὴν
945 3496 999 3570 γὰρ
1024 3495 1122 3552 οὐσίαν
1140 3498 1196 3566 ἔχει
1214 3498 1294 3550 τοῦτο
1313 3497 1360 3550 aa)

201 3586 249 3642 τὸν
268 3584 361 3654 λόγον,
380 3577 515 3637 τῶνδ”’
498 3601 591 3652 uapor
610 3583 739 3656 ἑκάτερον
758 3583 808 3639 οὐκ
827 3586 883 3654 ἔχει
897 3589 1004 3655 χωρίς),
1024 3584 1070 3638 διά
1084 3583 1185 3652 ταύτην
1202 3584 1250 3654 τὴν
1268 3587 1360 3639 αἰτίαν

202 3671 272 3746 πρὸς
289 3690 337 3728 τον
356 3671 401 3736 τῆς
419 3669 535 3740 καρδίας
553 3667 640 3727 τόπον
658 3674 705 3725 καὶ
722 3671 770 3740 τὴν
789 3674 819 3729 ἐν
841 3671 910 3746 αὐτῇ
930 3670 1082 3778 θερμότητα
1104 3670 1293 3745 μεμηχάνηται
1311 3671 1360 3727 τὸν

202 3755 391 3833 ἐγκέφαλον
378 3755 501 3828 puriore,
521 3760 568 3810 acl
585 3755 684 3813 τούτου
699 3759 785 3834 χάριν
804 3758 920 3832 ὑπάρχει
939 3762 1018 3816 τοῦτο
1037 3761 1066 3814 τὸ
1084 3757 1184 3833 μόριον
1202 3766 1258 3820 τοῖς
1276 3762 1361 3829 ζῴοις,

202 3849 250 3918 τὴν
269 3846 358 3921 φύσιν
376 3847 441 3918 ἔχον
459 3844 554 3914 κοινὴν
572 3843 674 3908 ὕδατος
691 3851 738 3903 καὶ
755 3852 812 3921 γῆς.

277 3938 346 4004 )³1..
360 3930 628 4000 1.1,1.eroaat·
653 3935 696 3991 deb
720 3936 839 4006 μάλιστα
863 3937 917 4041 μὲν
940 3934 1088 3992 λεκτέονι
1068 3957 1104 3998 ως
1122 3934 1217 4004 ἐπειδὴ
1234 3932 1305 3992 τοῦτ’
1328 3929 1361 4002 ἦν

203 4022 232 4080 τὸ
250 4020 389 4126 άνθρώπρι
408 4022 488 4091 εἶναι,
508 4021 553 4075 διὰ
574 4025 652 4078 τοῦτο
671 4025 746 4080 ταῦτ’
768 4027 835 4096 ἔχει’
855 4022 887 4078 οὐ
906 4022 960 4094 γάρ
979 4024 1117 4095 ἐνδέχεται
1135 4019 1242 4080 εῖναι”
1224 4041 1289 4080 ανευ
1306 4025 1362 4078 τῶν

202 4117 311 4185 μορίων
327 4109 441 4167 τούτων.
477 4113 556 4165 Polit.
576 4115 597 4176 1,
617 4119 642 4168 2.
664 4120 821 4169 rausero:
844 4112 873 4167 τὸ
897 4111 951 4184 γὰρ
971 4110 1037 4170 olor
1054 4111 1189 4184 πρότερον
1208 4109 1362 4183 ἀναγκαῖον

203 4200 275 4256 εἶναι
292 4203 342 4254 τοῦ
359 4203 470 4272 μέρους.

276 4292 444 4358 ⁴)Depart.
470 4291 552 4354 aul,
576 4293 762 4348 6646614ε
790 4290 955 4346 enatuere
979 4281 1177 4361 μέν”οργανον
1202 4285 1361 4345 adviventi

203 4397 268 4445 του,
290 4375 369 4431 :aa
390 4365 423 4430 οὗ
442 4377 522 4433 ἕνεκα
547 4379 645 4446 πρᾶξίς
667 4397 719 4446 τις,
744 4377 867 4452 φανερὸν
886 4397 928 4434 οτι
946 4379 993 4432 καὶ
1011 4377 1040 4431 τὸ
1060 4373 1178 4435 σύνολον
1197 4382 1276 4452 σωμα
1294 4391 1363 4434 συν·
1431 4423 1432 4442 ,

204 4470 299 4536 ἔστηκε
317 4464 440 4537 πράξεώς
458 4485 532 4526 τινος
549 4467 628 4522 ἕνεκα
648 4462 776 4539 πλήρους
