<?xml version="1.0" encoding="UTF-8"?>
<!DOCTYPE html PUBLIC "-//W3C//DTD XHTML 1.0 Transitional//EN"
    "http://www.w3.org/TR/xhtml1/DTD/xhtml1-transitional.dtd">
<html xmlns="http://www.w3.org/1999/xhtml" xml:lang="en" lang="en">
 <head>
  <title>
</title>
<meta http-equiv="Content-Type" content="text/html;charset=utf-8" />
  <meta name='ocr-system' content='tesseract 3.04.00' />
  <meta name='ocr-capabilities' content='ocr_page ocr_carea ocr_par ocr_line ocrx_word'/>
</head>
<body>
  <div class='ocr_page' id='page_1' title='image "./dearistotelisez00thomgoog_0013.png"; bbox 0 0 2966 5072; ppageno 0'>
   <div class='ocr_carea' id='block_1_1' title="bbox 168 1437 1274 2208">
    <p class='ocr_par' dir='ltr' id='par_1_1' title="bbox 168 1437 1274 2208">
     <span class='ocr_line' id='line_1_1' title="bbox 171 1437 1274 1582; baseline -0.005 -15"><span class='ocrx_word' id='word_1_1' title='bbox 171 1437 401 1579; x_wconf 69' lang='lat' dir='ltr'><strong>Aliquantis</strong></span> <span class='ocrx_word' id='word_1_2' title='bbox 422 1497 473 1562; x_wconf 87' lang='lat' dir='ltr'><strong>his</strong></span> <span class='ocrx_word' id='word_1_3' title='bbox 493 1498 692 1581; x_wconf 71' lang='lat' dir='ltr'>temporibus</span> <span class='ocrx_word' id='word_1_4' title='bbox 715 1501 749 1564; x_wconf 92' lang='lat' dir='ltr'><strong>in</strong></span> <span class='ocrx_word' id='word_1_5' title='bbox 763 1499 926 1566; x_wconf 78' lang='lat' dir='ltr'><strong>Ciceronis</strong></span> <span class='ocrx_word' id='word_1_6' title='bbox 942 1499 1034 1566; x_wconf 83' lang='lat' dir='ltr'><strong>libris</strong></span> <span class='ocrx_word' id='word_1_7' title='bbox 1053 1497 1194 1582; x_wconf 82' lang='lat' dir='ltr'><strong>legendis</strong></span> <span class='ocrx_word' id='word_1_8' title='bbox 1271 1503 1274 1516; x_wconf 67' lang='lat'><strong><em>¹</em></strong></span> 
     </span>
     <span class='ocr_line' id='line_1_2' title="bbox 171 1603 1194 1688; baseline 0 -22"><span class='ocrx_word' id='word_1_9' title='bbox 171 1607 319 1670; x_wconf 84' lang='lat' dir='ltr'><strong>versatus</strong></span> <span class='ocrx_word' id='word_1_10' title='bbox 341 1623 406 1668; x_wconf 89' lang='lat' dir='ltr'><strong>non</strong></span> <span class='ocrx_word' id='word_1_11' title='bbox 423 1603 530 1685; x_wconf 90' lang='lat' dir='ltr'><strong>potuit</strong></span> <span class='ocrx_word' id='word_1_12' title='bbox 551 1603 637 1684; x_wconf 85' lang='lat' dir='ltr'><strong>fieri,</strong></span> <span class='ocrx_word' id='word_1_13' title='bbox 668 1606 745 1688; x_wconf 90' lang='lat' dir='ltr'><strong>quin</strong></span> <span class='ocrx_word' id='word_1_14' title='bbox 768 1606 866 1670; x_wconf 87' lang='lat' dir='ltr'><strong>etiam</strong></span> <span class='ocrx_word' id='word_1_15' title='bbox 885 1607 919 1670; x_wconf 88' lang='lat' dir='ltr'><strong>in</strong></span> <span class='ocrx_word' id='word_1_16' title='bbox 940 1604 1013 1670; x_wconf 86' lang='lat' dir='ltr'><strong>illos</strong></span> <span class='ocrx_word' id='word_1_17' title='bbox 1038 1603 1124 1668; x_wconf 90' lang='lat' dir='ltr'><strong>locos</strong></span> <span class='ocrx_word' id='word_1_18' title='bbox 1147 1603 1194 1666; x_wconf 91' lang='lat' dir='ltr'><strong>in-</strong></span> 
     </span>
     <span class='ocr_line' id='line_1_3' title="bbox 170 1705 1195 1792; baseline -0.001 -21"><span class='ocrx_word' id='word_1_19' title='bbox 170 1707 327 1787; x_wconf 87' lang='lat' dir='ltr'><strong>ciderem,</strong></span> <span class='ocrx_word' id='word_1_20' title='bbox 349 1707 384 1772; x_wconf 91' lang='lat' dir='ltr'><strong>in</strong></span> <span class='ocrx_word' id='word_1_21' title='bbox 406 1705 523 1790; x_wconf 86' lang='lat' dir='ltr'><strong>quibus</strong></span> <span class='ocrx_word' id='word_1_22' title='bbox 546 1707 704 1790; x_wconf 83' lang='lat' dir='ltr'><strong>quaedam</strong></span> <span class='ocrx_word' id='word_1_23' title='bbox 726 1711 848 1792; x_wconf 88' lang='lat' dir='ltr'><strong>scripta</strong></span> <span class='ocrx_word' id='word_1_24' title='bbox 869 1731 952 1774; x_wconf 85' lang='lat' dir='ltr'><strong>more</strong></span> <span class='ocrx_word' id='word_1_25' title='bbox 974 1711 1152 1773; x_wconf 77' lang='lat' dir='ltr'><strong>Aristotelio</strong></span> <span class='ocrx_word' id='word_1_26' title='bbox 1174 1726 1195 1770; x_wconf 89' lang='lat' dir='ltr'><strong>a</strong></span> 
     </span>
     <span class='ocr_line' id='line_1_4' title="bbox 171 1809 1195 1895; baseline -0.005 -18"><span class='ocrx_word' id='word_1_27' title='bbox 171 1833 205 1877; x_wconf 87' lang='lat' dir='ltr'><strong>se</strong></span> <span class='ocrx_word' id='word_1_28' title='bbox 228 1810 395 1878; x_wconf 76' lang='lat' dir='ltr'><strong>eleborata</strong></span> <span class='ocrx_word' id='word_1_29' title='bbox 417 1832 487 1878; x_wconf 88' lang='lat' dir='ltr'><strong>esse</strong></span> <span class='ocrx_word' id='word_1_30' title='bbox 508 1812 619 1878; x_wconf 89' lang='lat' dir='ltr'><strong>tradit.</strong></span> <span class='ocrx_word' id='word_1_31' title='bbox 665 1812 783 1882; x_wconf 78' lang='lat' dir='ltr'>Scribit</span> <span class='ocrx_word' id='word_1_32' title='bbox 804 1814 887 1878; x_wconf 89' lang='lat' dir='ltr'><strong>enim</strong></span> <span class='ocrx_word' id='word_1_33' title='bbox 915 1813 950 1878; x_wconf 91' lang='lat' dir='ltr'><strong>in</strong></span> <span class='ocrx_word' id='word_1_34' title='bbox 971 1809 1118 1895; x_wconf 79' lang='lat' dir='ltr'><strong>Epistola</strong></span> <span class='ocrx_word' id='word_1_35' title='bbox 1138 1809 1195 1873; x_wconf 91' lang='lat' dir='ltr'><strong>illa</strong></span> 
     </span>
     <span class='ocr_line' id='line_1_5' title="bbox 169 1914 1192 2000; baseline -0.004 -19"><span class='ocrx_word' id='word_1_36' title='bbox 169 1915 212 1981; x_wconf 85' lang='lat' dir='ltr'><strong>ad</strong></span> <span class='ocrx_word' id='word_1_37' title='bbox 237 1917 448 2000; x_wconf 53' lang='lat' dir='ltr'><strong>hasalam:</strong></span> <span class='ocrx_word' id='word_1_38' title='bbox 486 1914 628 1999; x_wconf 87' lang='lat' dir='ltr'><strong>„Scripsi</strong></span> <span class='ocrx_word' id='word_1_39' title='bbox 650 1917 750 2000; x_wconf 86' lang='lat' dir='ltr'><strong>igitur</strong></span> <span class='ocrx_word' id='word_1_40' title='bbox 770 1919 946 1981; x_wconf 78' lang='lat' dir='ltr'><strong>Aristotelio</strong></span> <span class='ocrx_word' id='word_1_41' title='bbox 966 1937 1061 1992; x_wconf 84' lang='lat' dir='ltr'><strong>more,</strong></span> <span class='ocrx_word' id='word_1_42' title='bbox 1086 1935 1192 1997; x_wconf 92' lang='lat' dir='ltr'><strong>quem·</strong></span> 
     </span>
     <span class='ocr_line' id='line_1_6' title="bbox 170 2018 1193 2104; baseline -0.003 -20"><span class='ocrx_word' id='word_1_43' title='bbox 170 2019 343 2086; x_wconf 82' lang='lat' dir='ltr'><strong>admodum</strong></span> <span class='ocrx_word' id='word_1_44' title='bbox 364 2019 494 2104; x_wconf 90' lang='lat' dir='ltr'><strong>quidem</strong></span> <span class='ocrx_word' id='word_1_45' title='bbox 517 2018 618 2100; x_wconf 86' lang='lat' dir='ltr'><strong>volui,</strong></span> <span class='ocrx_word' id='word_1_46' title='bbox 646 2026 713 2086; x_wconf 89' lang='lat' dir='ltr'><strong>tres</strong></span> <span class='ocrx_word' id='word_1_47' title='bbox 739 2021 839 2088; x_wconf 92' lang='lat' dir='ltr'><strong>libros</strong></span> <span class='ocrx_word' id='word_1_48' title='bbox 861 2021 896 2086; x_wconf 90' lang='lat' dir='ltr'><strong>in</strong></span> <span class='ocrx_word' id='word_1_49' title='bbox 917 2018 1133 2103; x_wconf 87' lang='lat' dir='ltr'><strong>disputatione</strong></span> <span class='ocrx_word' id='word_1_50' title='bbox 1155 2037 1193 2080; x_wconf 83' lang='lat' dir='ltr'><strong>ac</strong></span> 
     </span>
     <span class='ocr_line' id='line_1_7' title="bbox 168 2122 1193 2208; baseline -0.006 -18"><span class='ocrx_word' id='word_1_51' title='bbox 168 2122 297 2207; x_wconf 83' lang='lat' dir='ltr'><strong>dialogo</strong></span> <span class='ocrx_word' id='word_1_52' title='bbox 319 2123 358 2190; x_wconf 88' lang='lat' dir='ltr'><strong>de</strong></span> <span class='ocrx_word' id='word_1_53' title='bbox 380 2129 526 2204; x_wconf 86' lang='lat' dir='ltr'><strong>oratore,</strong></span> <span class='ocrx_word' id='word_1_54' title='bbox 547 2145 629 2208; x_wconf 88' lang='lat' dir='ltr'><strong>quos</strong></span> <span class='ocrx_word' id='word_1_55' title='bbox 651 2124 943 2190; x_wconf 87' lang='lat' dir='ltr'><strong>arbitrcrLentulo</strong></span> <span class='ocrx_word' id='word_1_56' title='bbox 959 2129 1017 2190; x_wconf 88' lang='lat' dir='ltr'><strong>tuo</strong></span> <span class='ocrx_word' id='word_1_57' title='bbox 1038 2123 1106 2188; x_wconf 85' lang='lat' dir='ltr'><strong>lore</strong></span> <span class='ocrx_word' id='word_1_58' title='bbox 1129 2143 1193 2185; x_wconf 91' lang='lat' dir='ltr'><strong>non</strong></span> 
     </span>
    </p>
   </div>
   <div class='ocr_carea' id='block_1_2' title="bbox 158 2225 1193 4084">
    <p class='ocr_par' dir='ltr' id='par_1_2' title="bbox 163 2225 1193 3348">
     <span class='ocr_line' id='line_1_8' title="bbox 168 2225 1192 2312; baseline -0.004 -20"><span class='ocrx_word' id='word_1_59' title='bbox 168 2225 308 2294; x_wconf 91' lang='lat' dir='ltr'><strong>inutiles.</strong></span> <span class='ocrx_word' id='word_1_60' title='bbox 356 2227 540 2293; x_wconf 84' lang='lat' dir='ltr'><strong>Abhorrent</strong></span> <span class='ocrx_word' id='word_1_61' title='bbox 575 2229 659 2294; x_wconf 91' lang='lat' dir='ltr'><strong>enim</strong></span> <span class='ocrx_word' id='word_1_62' title='bbox 688 2251 709 2294; x_wconf 91' lang='lat' dir='ltr'><strong>a</strong></span> <span class='ocrx_word' id='word_1_63' title='bbox 746 2229 966 2295; x_wconf 88' lang='lat' dir='ltr'><strong>communibus</strong></span> <span class='ocrx_word' id='word_1_64' title='bbox 1001 2226 1192 2312; x_wconf 86' lang='lat' dir='ltr'><strong>praeceptis,</strong></span> 
     </span>
     <span class='ocr_line' id='line_1_9' title="bbox 167 2330 1193 2414; baseline 0 -20"><span class='ocrx_word' id='word_1_65' title='bbox 167 2335 266 2414; x_wconf 88' lang='lat' dir='ltr'><strong>atque</strong></span> <span class='ocrx_word' id='word_1_66' title='bbox 288 2351 413 2398; x_wconf 90' lang='lat' dir='ltr'><strong>omnem</strong></span> <span class='ocrx_word' id='word_1_67' title='bbox 435 2331 643 2414; x_wconf 82' lang='lat' dir='ltr'><strong>antiquorum</strong></span> <span class='ocrx_word' id='word_1_68' title='bbox 665 2338 697 2398; x_wconf 87' lang='lat' dir='ltr'><strong>et</strong></span> <span class='ocrx_word' id='word_1_69' title='bbox 718 2333 939 2398; x_wconf 79' lang='lat' dir='ltr'><strong>Aristoteliam</strong></span> <span class='ocrx_word' id='word_1_70' title='bbox 959 2339 992 2398; x_wconf 89' lang='lat' dir='ltr'><strong>et</strong></span> <span class='ocrx_word' id='word_1_71' title='bbox 1005 2330 1193 2396; x_wconf 79' lang='lat' dir='ltr'><strong>Isocratiam</strong></span> 
     </span>
     <span class='ocr_line' id='line_1_10' title="bbox 167 2433 1191 2519; baseline -0.002 -21"><span class='ocrx_word' id='word_1_72' title='bbox 167 2433 326 2500; x_wconf 87' lang='lat' dir='ltr'><strong>rationem</strong></span> <span class='ocrx_word' id='word_1_73' title='bbox 348 2435 526 2502; x_wconf 83' lang='lat' dir='ltr'><strong>oratoriam</strong></span> <span class='ocrx_word' id='word_1_74' title='bbox 553 2435 839 2519; x_wconf 83' lang='lat' dir='ltr'><strong>complectuntur.“</strong></span> <span class='ocrx_word' id='word_1_75' title='bbox 882 2437 921 2502; x_wconf 93' lang='lat' dir='ltr'><strong>In</strong></span> <span class='ocrx_word' id='word_1_76' title='bbox 950 2435 1087 2519; x_wconf 86' lang='lat' dir='ltr'><strong>epistola</strong></span> <span class='ocrx_word' id='word_1_77' title='bbox 1115 2453 1191 2516; x_wconf 88' lang='lat' dir='ltr'><strong>qua-</strong></span> 
     </span>
     <span class='ocr_line' id='line_1_11' title="bbox 167 2535 1193 2623; baseline -0.001 -21"><span class='ocrx_word' id='word_1_78' title='bbox 167 2535 243 2602; x_wconf 87' lang='lat' dir='ltr'><strong>dam</strong></span> <span class='ocrx_word' id='word_1_79' title='bbox 270 2537 312 2602; x_wconf 89' lang='lat' dir='ltr'><strong>ad</strong></span> <span class='ocrx_word' id='word_1_80' title='bbox 342 2543 477 2606; x_wconf 78' lang='lat' dir='ltr'><strong>Atticam</strong></span> <span class='ocrx_word' id='word_1_81' title='bbox 487 2539 516 2623; x_wconf 83' lang='lat'><strong>²)</strong></span> <span class='ocrx_word' id='word_1_82' title='bbox 546 2538 586 2606; x_wconf 92' lang='lat' dir='ltr'><strong>de</strong></span> <span class='ocrx_word' id='word_1_83' title='bbox 622 2541 736 2608; x_wconf 88' lang='lat' dir='ltr'><strong>iisdem</strong></span> <span class='ocrx_word' id='word_1_84' title='bbox 765 2540 857 2608; x_wconf 84' lang='lat' dir='ltr'><strong>libris</strong></span> <span class='ocrx_word' id='word_1_85' title='bbox 885 2543 1080 2606; x_wconf 87' lang='lat' dir='ltr'><strong>mentionem</strong></span> <span class='ocrx_word' id='word_1_86' title='bbox 1116 2539 1193 2602; x_wconf 86' lang='lat' dir='ltr'><strong>facit</strong></span> 
     </span>
     <span class='ocr_line' id='line_1_12' title="bbox 170 2642 1190 2728; baseline 0.002 -24"><span class='ocrx_word' id='word_1_87' title='bbox 170 2642 323 2726; x_wconf 78' lang='lat' dir='ltr'>valdeque</span> <span class='ocrx_word' id='word_1_88' title='bbox 358 2664 413 2708; x_wconf 89' lang='lat' dir='ltr'><strong>eos</strong></span> <span class='ocrx_word' id='word_1_89' title='bbox 443 2643 506 2710; x_wconf 89' lang='lat' dir='ltr'><strong>sibi</strong></span> <span class='ocrx_word' id='word_1_90' title='bbox 533 2644 689 2728; x_wconf 88' lang='lat' dir='ltr'><strong>probatos</strong></span> <span class='ocrx_word' id='word_1_91' title='bbox 722 2667 792 2711; x_wconf 84' lang='lat' dir='ltr'><strong>esse</strong></span> <span class='ocrx_word' id='word_1_92' title='bbox 826 2646 979 2725; x_wconf 88' lang='lat' dir='ltr'><strong>affirmat,</strong></span> <span class='ocrx_word' id='word_1_93' title='bbox 1016 2644 1073 2709; x_wconf 88' lang='lat' dir='ltr'><strong>sed</strong></span> <span class='ocrx_word' id='word_1_94' title='bbox 1101 2642 1190 2722; x_wconf 85' lang='lat' dir='ltr'><strong>alios,</strong></span> 
     </span>
     <span class='ocr_line' id='line_1_13' title="bbox 167 2747 1190 2829; baseline -0.002 -17"><span class='ocrx_word' id='word_1_95' title='bbox 167 2766 247 2828; x_wconf 86' lang='lat' dir='ltr'><strong>qnos</strong></span> <span class='ocrx_word' id='word_1_96' title='bbox 269 2752 337 2812; x_wconf 91' lang='lat' dir='ltr'><strong>tum</strong></span> <span class='ocrx_word' id='word_1_97' title='bbox 359 2747 557 2829; x_wconf 76' lang='lat' dir='ltr'><strong>confecerat,</strong></span> <span class='ocrx_word' id='word_1_98' title='bbox 588 2748 709 2814; x_wconf 86' lang='lat' dir='ltr'><strong>abillis</strong></span> <span class='ocrx_word' id='word_1_99' title='bbox 730 2749 770 2814; x_wconf 90' lang='lat' dir='ltr'><strong>de</strong></span> <span class='ocrx_word' id='word_1_100' title='bbox 793 2749 931 2816; x_wconf 78' lang='lat' dir='ltr'><strong>Oratore</strong></span> <span class='ocrx_word' id='word_1_101' title='bbox 958 2749 1050 2814; x_wconf 90' lang='lat' dir='ltr'><strong>libris</strong></span> <span class='ocrx_word' id='word_1_102' title='bbox 1075 2749 1123 2812; x_wconf 87' lang='lat' dir='ltr'><strong>ita</strong></span> <span class='ocrx_word' id='word_1_103' title='bbox 1144 2747 1190 2810; x_wconf 91' lang='lat' dir='ltr'><strong>di·</strong></span> 
     </span>
     <span class='ocr_line' id='line_1_14' title="bbox 165 2849 1191 2941; baseline -0.002 -25"><span class='ocrx_word' id='word_1_104' title='bbox 165 2849 317 2934; x_wconf 74' lang='lat' dir='ltr'><strong>stinguit,</strong></span> <span class='ocrx_word' id='word_1_105' title='bbox 339 2857 377 2916; x_wconf 90' lang='lat' dir='ltr'><strong>ut</strong></span> <span class='ocrx_word' id='word_1_106' title='bbox 399 2872 481 2934; x_wconf 89' lang='lat' dir='ltr'><strong>quos</strong></span> <span class='ocrx_word' id='word_1_107' title='bbox 503 2853 672 2918; x_wconf 87' lang='lat' dir='ltr'><strong>novissime</strong></span> <span class='ocrx_word' id='word_1_108' title='bbox 694 2855 873 2941; x_wconf 80' lang='lat' dir='ltr'><strong>scripserit,</strong></span> <span class='ocrx_word' id='word_1_109' title='bbox 893 2875 948 2919; x_wconf 89' lang='lat' dir='ltr'><strong>eos</strong></span> <span class='ocrx_word' id='word_1_110' title='bbox 970 2850 1191 2918; x_wconf 77' lang='lat' dir='ltr'><strong>Aristoteliam</strong></span> 
     </span>
     <span class='ocr_line' id='line_1_15' title="bbox 165 2953 1190 3042; baseline -0.001 -22"><span class='ocrx_word' id='word_1_111' title='bbox 165 2973 285 3020; x_wconf 85' lang='lat' dir='ltr'><strong>morem</strong></span> <span class='ocrx_word' id='word_1_112' title='bbox 305 2953 425 3024; x_wconf 84' lang='lat' dir='ltr'><strong>habere</strong></span> <span class='ocrx_word' id='word_1_113' title='bbox 446 2955 549 3038; x_wconf 83' lang='lat' dir='ltr'><strong>dicat,</strong></span> <span class='ocrx_word' id='word_1_114' title='bbox 582 2959 676 3040; x_wconf 86' lang='lat' dir='ltr'><strong>quasi</strong></span> <span class='ocrx_word' id='word_1_115' title='bbox 698 2958 793 3042; x_wconf 83' lang='lat' dir='ltr'><strong>plane</strong></span> <span class='ocrx_word' id='word_1_116' title='bbox 815 2958 935 3024; x_wconf 90' lang='lat' dir='ltr'><strong>oblitus</strong></span> <span class='ocrx_word' id='word_1_117' title='bbox 964 2959 1023 3040; x_wconf 90' lang='lat' dir='ltr'><strong>sit,</strong></span> <span class='ocrx_word' id='word_1_118' title='bbox 1054 2979 1089 3022; x_wconf 89' lang='lat' dir='ltr'><strong>sc</strong></span> <span class='ocrx_word' id='word_1_119' title='bbox 1116 2955 1190 3021; x_wconf 87' lang='lat' dir='ltr'><strong>illos</strong></span> 
     </span>
     <span class='ocr_line' id='line_1_16' title="bbox 165 3059 1189 3144; baseline 0 -20"><span class='ocrx_word' id='word_1_120' title='bbox 165 3077 293 3142; x_wconf 87' lang='lat' dir='ltr'><strong>quoque</strong></span> <span class='ocrx_word' id='word_1_121' title='bbox 315 3059 356 3126; x_wconf 90' lang='lat' dir='ltr'><strong>de</strong></span> <span class='ocrx_word' id='word_1_122' title='bbox 373 3059 511 3128; x_wconf 83' lang='lat' dir='ltr'><strong>Oratore</strong></span> <span class='ocrx_word' id='word_1_123' title='bbox 532 3061 633 3128; x_wconf 89' lang='lat' dir='ltr'><strong>libros</strong></span> <span class='ocrx_word' id='word_1_124' title='bbox 647 3062 836 3128; x_wconf 88' lang='lat' dir='ltr'><strong>Aristotelio</strong></span> <span class='ocrx_word' id='word_1_125' title='bbox 857 3083 947 3128; x_wconf 88' lang='lat' dir='ltr'><strong>more</strong></span> <span class='ocrx_word' id='word_1_126' title='bbox 966 3062 1105 3144; x_wconf 82' lang='lat' dir='ltr'><strong>scriptos</strong></span> <span class='ocrx_word' id='word_1_127' title='bbox 1119 3081 1189 3124; x_wconf 86' lang='lat' dir='ltr'><strong>esse</strong></span> 
     </span>
     <span class='ocr_line' id='line_1_17' title="bbox 164 3162 1189 3252; baseline 0.002 -24"><span class='ocrx_word' id='word_1_128' title='bbox 164 3162 198 3228; x_wconf 92' lang='lat' dir='ltr'><strong>in</strong></span> <span class='ocrx_word' id='word_1_129' title='bbox 230 3162 368 3245; x_wconf 85' lang='lat' dir='ltr'><strong>epistola</strong></span> <span class='ocrx_word' id='word_1_130' title='bbox 397 3163 454 3230; x_wconf 86' lang='lat' dir='ltr'><strong>illa</strong></span> <span class='ocrx_word' id='word_1_131' title='bbox 476 3164 535 3252; x_wconf 20' lang='lat' dir='ltr'><strong>*ad</strong></span> <span class='ocrx_word' id='word_1_132' title='bbox 562 3163 750 3246; x_wconf 87' lang='lat' dir='ltr'><strong>Lentulum,</strong></span> <span class='ocrx_word' id='word_1_133' title='bbox 790 3167 830 3232; x_wconf 87' lang='lat' dir='ltr'><strong>de</strong></span> <span class='ocrx_word' id='word_1_134' title='bbox 866 3187 931 3250; x_wconf 87' lang='lat' dir='ltr'><strong>quc</strong></span> <span class='ocrx_word' id='word_1_135' title='bbox 965 3165 1075 3248; x_wconf 74' lang='lat' dir='ltr'><strong>paullo</strong></span> <span class='ocrx_word' id='word_1_136' title='bbox 1113 3169 1189 3230; x_wconf 86' lang='lat' dir='ltr'><strong>ante</strong></span> 
     </span>
     <span class='ocr_line' id='line_1_18' title="bbox 163 3266 508 3348; baseline -0.006 -14"><span class='ocrx_word' id='word_1_137' title='bbox 163 3266 318 3348; x_wconf 85' lang='lat' dir='ltr'><strong>diximus,</strong></span> <span class='ocrx_word' id='word_1_138' title='bbox 339 3267 508 3334; x_wconf 82' lang='lat' dir='ltr'><strong>indicasse.</strong></span> 
     </span>
    </p>

    <p class='ocr_par' dir='ltr' id='par_1_3' title="bbox 160 3371 1189 3750">
     <span class='ocr_line' id='line_1_19' title="bbox 248 3371 1187 3458; baseline 0.001 -20"><span class='ocrx_word' id='word_1_139' title='bbox 248 3371 337 3438; x_wconf 84' lang='lat' dir='ltr'><strong>Haec</strong></span> <span class='ocrx_word' id='word_1_140' title='bbox 359 3372 507 3455; x_wconf 86' lang='lat' dir='ltr'><strong>quaestio</strong></span> <span class='ocrx_word' id='word_1_141' title='bbox 530 3393 629 3456; x_wconf 89' lang='lat' dir='ltr'><strong>quum</strong></span> <span class='ocrx_word' id='word_1_142' title='bbox 650 3371 820 3440; x_wconf 85' lang='lat' dir='ltr'><strong>cohaereat</strong></span> <span class='ocrx_word' id='word_1_143' title='bbox 842 3393 914 3440; x_wconf 89' lang='lat' dir='ltr'><strong>cum</strong></span> <span class='ocrx_word' id='word_1_144' title='bbox 934 3374 1005 3452; x_wconf 91' lang='lat' dir='ltr'><strong>illa,</strong></span> <span class='ocrx_word' id='word_1_145' title='bbox 1034 3393 1116 3458; x_wconf 80' lang='lat' dir='ltr'><strong>quae</strong></span> <span class='ocrx_word' id='word_1_146' title='bbox 1138 3379 1187 3439; x_wconf 88' lang='lat' dir='ltr'><strong>est</strong></span> 
     </span>
     <span class='ocr_line' id='line_1_20' title="bbox 163 3475 1189 3564; baseline 0.002 -24"><span class='ocrx_word' id='word_1_147' title='bbox 163 3475 203 3540; x_wconf 90' lang='lat' dir='ltr'><strong>de</strong></span> <span class='ocrx_word' id='word_1_148' title='bbox 226 3477 409 3544; x_wconf 80' lang='lat' dir='ltr'><strong>Aristotelis</strong></span> <span class='ocrx_word' id='word_1_149' title='bbox 432 3476 566 3560; x_wconf 84' lang='lat' dir='ltr'><strong>dialogis</strong></span> <span class='ocrx_word' id='word_1_150' title='bbox 588 3479 644 3562; x_wconf 92' lang='lat' dir='ltr'><strong>qui</strong></span> <span class='ocrx_word' id='word_1_151' title='bbox 664 3477 761 3544; x_wconf 89' lang='lat' dir='ltr'><strong>iidem</strong></span> <span class='ocrx_word' id='word_1_152' title='bbox 783 3501 881 3564; x_wconf 90' lang='lat' dir='ltr'><strong>quum</strong></span> <span class='ocrx_word' id='word_1_153' title='bbox 902 3479 987 3544; x_wconf 88' lang='lat' dir='ltr'><strong>inter</strong></span> <span class='ocrx_word' id='word_1_154' title='bbox 1018 3481 1086 3564; x_wconf 87' lang='lat' dir='ltr'><strong>ejus</strong></span> <span class='ocrx_word' id='word_1_155' title='bbox 1107 3477 1189 3555; x_wconf 75' lang='grc' dir='ltr'><strong>ἐξω-</strong></span> 
     </span>
     <span class='ocr_line' id='line_1_21' title="bbox 160 3577 1186 3668; baseline 0.006 -26"><span class='ocrx_word' id='word_1_156' title='bbox 160 3579 300 3662; x_wconf 71' lang='grc' dir='ltr'><strong><em>ωρικούς</em></strong></span> <span class='ocrx_word' id='word_1_157' title='bbox 329 3577 444 3658; x_wconf 73' lang='grc' dir='ltr'><strong><em>λόγους</em></strong></span> <span class='ocrx_word' id='word_1_158' title='bbox 473 3587 695 3662; x_wconf 70' lang='lat' dir='ltr'><strong>numerentur,</strong></span> <span class='ocrx_word' id='word_1_159' title='bbox 727 3581 767 3648; x_wconf 90' lang='lat' dir='ltr'><strong>de</strong></span> <span class='ocrx_word' id='word_1_160' title='bbox 796 3583 845 3650; x_wconf 85' lang='lat' dir='ltr'><strong>his</strong></span> <span class='ocrx_word' id='word_1_161' title='bbox 872 3605 999 3668; x_wconf 90' lang='lat' dir='ltr'><strong>quoque</strong></span> <span class='ocrx_word' id='word_1_162' title='bbox 1032 3601 1186 3666; x_wconf 83' lang='lat' dir='ltr'><strong>quaeren-</strong></span> 
     </span>
     <span class='ocr_line' id='line_1_22' title="bbox 162 3671 549 3750; baseline 0.01 -4"><span class='ocrx_word' id='word_1_163' title='bbox 162 3681 239 3750; x_wconf 87' lang='lat' dir='ltr'><strong>dum</strong></span> <span class='ocrx_word' id='word_1_164' title='bbox 260 3703 329 3750; x_wconf 89' lang='lat' dir='ltr'><strong>esse</strong></span> <span class='ocrx_word' id='word_1_165' title='bbox 352 3684 455 3750; x_wconf 88' lang='lat' dir='ltr'><strong>visum</strong></span> <span class='ocrx_word' id='word_1_166' title='bbox 477 3671 549 3750; x_wconf 56' lang='lat' dir='ltr'><strong>est?</strong></span> 
     </span>
    </p>

    <p class='ocr_par' dir='ltr' id='par_1_4' title="bbox 158 3786 1187 4084">
     <span class='ocr_line' id='line_1_23' title="bbox 246 3786 1187 3874; baseline 0.002 -20"><span class='ocrx_word' id='word_1_167' title='bbox 246 3786 417 3854; x_wconf 81' lang='lat' dir='ltr'><strong>Haeduae</strong></span> <span class='ocrx_word' id='word_1_168' title='bbox 440 3790 645 3872; x_wconf 81' lang='lat' dir='ltr'><strong>quaestiones</strong></span> <span class='ocrx_word' id='word_1_169' title='bbox 668 3791 888 3870; x_wconf 81' lang='lat' dir='ltr'><strong>difficillimas,</strong></span> <span class='ocrx_word' id='word_1_170' title='bbox 911 3792 945 3858; x_wconf 90' lang='lat' dir='ltr'><strong>in</strong></span> <span class='ocrx_word' id='word_1_171' title='bbox 966 3791 1085 3874; x_wconf 86' lang='lat' dir='ltr'><strong>quibus</strong></span> <span class='ocrx_word' id='word_1_172' title='bbox 1107 3791 1187 3858; x_wconf 86' lang='lat' dir='ltr'><strong>mal·</strong></span> 
     </span>
     <span class='ocr_line' id='line_1_24' title="bbox 161 3891 1186 3979; baseline 0.006 -23"><span class='ocrx_word' id='word_1_173' title='bbox 161 3895 214 3956; x_wconf 84' lang='lat' dir='ltr'><strong>tos</strong></span> <span class='ocrx_word' id='word_1_174' title='bbox 235 3891 321 3958; x_wconf 81' lang='lat' dir='ltr'><strong>viros</strong></span> <span class='ocrx_word' id='word_1_175' title='bbox 343 3891 473 3973; x_wconf 90' lang='lat' dir='ltr'><strong>doctos,</strong></span> <span class='ocrx_word' id='word_1_176' title='bbox 504 3915 555 3960; x_wconf 89' lang='lat' dir='ltr'><strong>me</strong></span> <span class='ocrx_word' id='word_1_177' title='bbox 580 3899 612 3960; x_wconf 87' lang='lat' dir='ltr'><strong>et</strong></span> <span class='ocrx_word' id='word_1_178' title='bbox 634 3895 760 3978; x_wconf 84' lang='lat' dir='ltr'><strong>ingenio</strong></span> <span class='ocrx_word' id='word_1_179' title='bbox 783 3901 815 3962; x_wconf 90' lang='lat' dir='ltr'><strong>et</strong></span> <span class='ocrx_word' id='word_1_180' title='bbox 843 3896 991 3964; x_wconf 80' lang='lat' dir='ltr'><strong>doctrina</strong></span> <span class='ocrx_word' id='word_1_181' title='bbox 1020 3901 1186 3979; x_wconf 75' lang='lat' dir='ltr'><strong>praestan·</strong></span> 
     </span>
     <span class='ocr_line' id='line_1_25' title="bbox 158 3994 1186 4084; baseline 0.008 -26"><span class='ocrx_word' id='word_1_182' title='bbox 158 3994 276 4074; x_wconf 87' lang='lat' dir='ltr'><strong>tiores,</strong></span> <span class='ocrx_word' id='word_1_183' title='bbox 299 4017 429 4080; x_wconf 85' lang='lat' dir='ltr'><strong>operam</strong></span> <span class='ocrx_word' id='word_1_184' title='bbox 452 4004 485 4062; x_wconf 89' lang='lat' dir='ltr'><strong>et</strong></span> <span class='ocrx_word' id='word_1_185' title='bbox 506 3997 647 4064; x_wconf 87' lang='lat' dir='ltr'><strong>studium</strong></span> <span class='ocrx_word' id='word_1_186' title='bbox 670 3999 841 4066; x_wconf 86' lang='lat' dir='ltr'><strong>collocasse</strong></span> <span class='ocrx_word' id='word_1_187' title='bbox 863 4008 975 4068; x_wconf 90' lang='lat' dir='ltr'><strong>notum</strong></span> <span class='ocrx_word' id='word_1_188' title='bbox 1004 4005 1070 4080; x_wconf 87' lang='lat' dir='ltr'><strong>est,</strong></span> <span class='ocrx_word' id='word_1_189' title='bbox 1101 4001 1186 4084; x_wconf 87' lang='lat' dir='ltr'><strong>quod</strong></span> 
     </span>
    </p>
   </div>
   <div class='ocr_carea' id='block_1_3' title="bbox 165 4143 369 4154">
    <p class='ocr_par' dir='ltr' id='par_1_5' title="bbox 165 4143 369 4154">
     <span class='ocr_line' id='line_1_26' title="bbox 165 4143 369 4154; baseline 0.034 -6"><span class='ocrx_word' id='word_1_190' title='bbox 165 4143 216 4150; x_wconf 79' lang='lat'><em>--.--</em></span> <span class='ocrx_word' id='word_1_191' title='bbox 233 4143 369 4154; x_wconf 53' lang='grc' dir='ltr'><strong>ηιμ-..-</strong></span> 
     </span>
    </p>
   </div>
   <div class='ocr_carea' id='block_1_4' title="bbox 232 4209 897 4284">
    <p class='ocr_par' dir='ltr' id='par_1_6' title="bbox 232 4209 897 4284">
     <span class='ocr_line' id='line_1_27' title="bbox 232 4209 897 4284; baseline 0.02 -25"><span class='ocrx_word' id='word_1_192' title='bbox 232 4209 259 4269; x_wconf 78' lang='lat' dir='ltr'><strong>a</strong></span> <span class='ocrx_word' id='word_1_193' title='bbox 278 4211 312 4262; x_wconf 76' lang='lat' dir='ltr'><strong>ac</strong></span> <span class='ocrx_word' id='word_1_194' title='bbox 331 4211 403 4264; x_wconf 62' lang='lat' dir='ltr'><strong>aaa.</strong></span> <span class='ocrx_word' id='word_1_195' title='bbox 424 4213 451 4272; x_wconf 89' lang='lat'><strong>1,</strong></span> <span class='ocrx_word' id='word_1_196' title='bbox 472 4213 501 4274; x_wconf 85' lang='lat' dir='ltr'><strong>o,</strong></span> <span class='ocrx_word' id='word_1_197' title='bbox 522 4216 564 4266; x_wconf 83' lang='lat' dir='ltr'><strong>aa.</strong></span> <span class='ocrx_word' id='word_1_198' title='bbox 680 4216 710 4284; x_wconf 83' lang='lat' dir='ltr'><strong>a)</strong></span> <span class='ocrx_word' id='word_1_199' title='bbox 726 4220 791 4280; x_wconf 80' lang='lat' dir='ltr'><strong>un,</strong></span> <span class='ocrx_word' id='word_1_200' title='bbox 812 4219 853 4284; x_wconf 75' lang='lat' dir='ltr'><strong>aa,</strong></span> <span class='ocrx_word' id='word_1_201' title='bbox 872 4221 897 4272; x_wconf 76' lang='lat' dir='ltr'><strong>e.</strong></span> 
     </span>
    </p>
   </div>
   <div class='ocr_carea' id='block_1_5' title="bbox 0 0 1488 5072">
    <p class='ocr_par' dir='ltr' id='par_1_7' title="bbox 0 0 1488 5072">
     <span class='ocr_line' id='line_1_28' title="bbox 0 0 1488 5072; baseline 0 6"><span class='ocrx_word' id='word_1_202' title='bbox 0 0 1488 5072; x_wconf 95' lang='lat' dir='ltr'><strong> </strong></span> 
     </span>
    </p>
   </div>
  </div>
 </body>
</html>
