2870 5076
700 405 883 472 ..6-

297 575 409 665 {tuque
439 579 535 644 etiam
568 578 599 643 in
629 577 785 644 rationem
816 577 1067 663 Empedoclem
1100 577 1251 644 convenit
1280 580 1358 646 notio

213 712 306 756 casus
338 711 433 776 quam
462 687 654 754 Aristoteles
682 687 846 775 proponit,
879 685 1051 754 dummodo
1077 710 1185 756 rerum
1213 689 1359 777 originem
1424 709 1425 742 1

213 797 433 888 respiciamus,
457 821 532 880 uon,
554 797 586 862 id
610 797 696 885 quod
711 795 788 862 facit
805 797 1007 880 Aristoteles,
1030 805 1149 864 statum
1163 800 1219 887 qui
1242 811 1359 868 secutus

213 921 272 976 cst.
317 909 507 977 Constantia
528 917 635 974 autem
659 928 742 995 quae
764 906 797 973 in
820 930 927 974 rerum
950 916 1065 974 nutura
1085 907 1185 988 inest,
1208 909 1359 999 Empedo

213 1022 294 1087 clem
316 1018 344 1086 si
366 1019 539 1106 sequimur,
568 1019 684 1084 effecta
714 1025 763 1084 est
784 1039 822 1084 eo
846 1018 931 1104 quod
958 1017 1148 1084 interierunt
1177 1021 1284 1086 omnia
1305 1020 1360 1087 ant
1425 1079 1426 1090 ,

214 1129 346 1197 mulium
378 1137 410 1194 et
439 1129 621 1217 plantarum
650 1149 781 1216 genera,
815 1126 959 1213 exceptis
987 1127 1025 1192 iis
1054 1151 1138 1216 quse
1166 1130 1244 1197 talia
1277 1131 1361 1196 exsti·

214 1248 333 1322 terunt,
357 1248 470 1306 utnon
486 1246 611 1306 tantum
632 1237 703 1324 ipse
722 1237 839 1304 durare
860 1247 1000 1324 possent,
1023 1259 1136 1306 verum
1154 1239 1251 1306 etiam
1267 1241 1362 1306 saecla

215 1373 272 1416 sua
295 1371 487 1438 propagare.
532 1347 620 1427 Quid
642 1369 718 1412 vero
741 1355 854 1413 contra
883 1347 980 1413 talem
1004 1347 1187 1436 opinionem
1210 1351 1362 1439 proferen-

216 1461 291 1548 dum
313 1461 368 1544 sit,
398 1458 519 1547 optime
542 1457 623 1524 vidit
645 1454 759 1523 Oicero
784 1457 838 1545 qui
848 1456 872 1543 ¹)
902 1457 993 1538 ,Hoc
1017 1458 1072 1545 qui
1095 1459 1293 1542 existimat,“
1316 1462 1363 1539 sit,
1426 1483 1427 1504 ¹

216 1571 306 1655 ,fieri
327 1569 480 1660 potuisse,
509 1591 574 1634 non
596 1566 758 1654 intellego,
783 1590 839 1634 cur
861 1589 926 1632 non
948 1565 1034 1634 idern
1058 1577 1158 1656 putet,
1182 1570 1210 1636 si
1232 1572 1362 1636 innume·

184 1671 185 1676 ἵ
213 1681 332 1750 rabiles
354 1679 448 1747 unius
472 1687 505 1746 et
525 1677 640 1764 viginti
655 1677 776 1744 formes
794 1677 985 1758 litterarum,
1008 1677 1061 1742 vel
1083 1699 1201 1747 aureae
1223 1681 1276 1746 vel
1298 1704 1363 1769 qua·

214 1791 356 1874 leslibet',
384 1789 491 1878 aliquo
518 1786 725 1870 conicientur,
752 1807 847 1877 posse
878 1809 919 1852 ex
945 1785 995 1852 his
1022 1785 1056 1852 in
1085 1797 1206 1856 terram
1229 1792 1363 1858 excussis

215 1901 346 1968 annales
368 1899 477 1982 Ennii,
500 1908 535 1965 ut
557 1898 709 1986 deinceps
729 1898 796 1985 legi
818 1898 949 1986 possint,
972 1897 1075 1982 effici3
1098 1899 1184 1986 quod
1198 1901 1308 1968 nescio
1329 1925 1363 1968 ao

215 2034 257 2080 ne
278 2003 311 2078 iri
334 2032 397 2078 uno
422 2008 552 2098 quidem
575 2031 671 2074 versu
692 2009 794 2095 possit
815 2017 941 2076 tantum
962 2007 1070 2076 valere
1092 2009 1254 2078 fortuna.“

300 2120 368 2190 Sed
382 2121 445 2191 iam
461 2121 633 2208 per-goinus
649 2118 691 2184 ad
706 2117 973 2186 considerandum
990 2129 1212 2204 argumentum
1225 2123 1364 2207 alterum,

216 2231 303 2321 quod
324 2232 358 2298 in
380 2231 494 2297 eodem
517 2230 723 2317 physicorum
746 2228 851 2316 capite
873 2229 1043 2316 reperitur.
1075 2229 1132 2296 Ait
1152 2233 1238 2300 enirn
1253 2235 1366 2301 Aristo·

217 2343 297 2410 telos
318 2342 352 2410 iu
373 2340 412 2406 iis
436 2362 519 2428 quae
541 2347 767 2427 argumentum
789 2337 830 2404 de
846 2361 909 2425 quo
926 2338 1159 2426 disputavimus
1182 2354 1366 2433 sequuntur:

220 2451 278 2536 ,In
308 2448 424 2539 quibus
454 2450 526 2516 finis
553 2450 652 2533 inest,
688 2449 723 2516 in
750 2447 788 2514 iis
822 2470 904 2537 quae
932 2449 1042 2536 priora
1068 2460 1142 2518 sunt
1168 2451 1255 2522 illius
1279 2478 1368 2520 causa

218 2559 411 2628 efficiuntur.
451 2559 573 2641 ¹Quum
605 2561 647 2628 ob
678 2582 748 2628 rem
782 2560 1052 2648 quemadmodum
1085 2561 1137 2643 fit,
1170 2561 1217 2627 ita
1250 2575 1368 2632 constat

219 2669 461 2759 unumquidque
482 2680 579 2760 etque
601 2680 727 2738 constat
748 2671 810 2754 ita,
840 2670 1108 2758 quemadmodum
1131 2673 1182 2752 fit,
1212 2675 1273 2742 nisi
1297 2676 1367 2766 quid

218 2769 381 2870 impediat.
424 2782 574 2850 Efficitur
607 2792 714 2850 autem
742 2781 876 2850 alicuius
909 2782 955 2846 rei
990 2805 1100 2866 eausa,
1135 2785 1244 2874 itaque
1277 2788 1367 2854 etism

219 2901 343 2962 constat
368 2889 461 2960 huius
487 2894 534 2962 rei
564 2915 669 2960 causa.
712 2891 823 2958 Veluti
853 2891 965 2958 domus
994 2893 1021 2958 si
1048 2904 1133 2960 esset
1160 2896 1194 2962 in
1221 2896 1260 2963 iis
1292 2920 1368 2986 quse

217 3010 333 3070 natura
361 3002 457 3085 fiunt,
492 3011 638 3068 oreretur
667 3002 782 3070 eadem
807 3003 931 3070 ratione
963 3025 1027 3091 qua
1056 3027 1141 3070 nune
1169 3029 1227 3094 per
1254 3019 1367 3090 urtsm3

220 3122 332 3180 contro
353 3113 381 3179 si
403 3134 455 3178 res
476 3113 640 3178 naturales
667 3136 732 3180 non
758 3113 853 3180 modo
880 3123 1011 3197 notura,
1040 3135 1152 3182 verum
1180 3117 1277 3186 etiarn
1305 3127 1368 3184 erte

221 3223 420 3303 exsisterent,
445 3223 557 3290 eadem
572 3223 697 3290 ratione
712 3247 777 3310 qua
791 3246 876 3290 nuno
891 3232 1006 3290 nature
1021 3235 1198 3294 orerentur.
1229 3230 1369 3296 Alterum

359 3409 451 3461 Cetera
469 3409 500 3458 de
518 3423 612 3474 genera
630 3407 680 3458 hoc
698 3412 814 3458 monstra
832 3424 863 3458 ac
881 3413 1001 3472 portentu
1019 3410 1132 3476 creabat,

358 3513 392 3548 ne
410 3498 544 3563 quiquam,
564 3495 687 3561 quoniam
706 3500 800 3545 natura
818 3493 959 3546 absterruit
977 3503 1093 3562 suctum,

359 3599 409 3636 nec
425 3590 531 3650 potuere
550 3585 669 3650 cupitum
686 3583 780 3633 aetstis
799 3587 905 3648 tongere
922 3583 1013 3634 florens

359 3687 408 3724 neo
426 3673 537 3738 reperire
555 3671 644 3723 cibum
662 3684 711 3720 nec
728 3669 805 3736 iungi
823 3685 868 3736 per
886 3669 995 3721 Veneris
1013 3687 1062 3723 res.

359 3759 445 3812 Multa
462 3757 582 3809 videmus
602 3760 672 3810 enirn
690 3757 768 3808 rebus
788 3772 939 3810 concurrere
958 3756 1059 3824 debere,

361 3853 391 3900 nt
408 3847 576 3914 propagando
595 3845 697 3913 possint
714 3845 856 3910 procudere
874 3844 973 3907 saecla;

359 3934 458 4003 pabola
474 3936 587 4002 primum
606 3939 635 3984 ut
653 3933 716 3994 sint,
735 3932 863 3998 genitalia
881 3931 974 3984 deinde
992 3949 1038 4000 per
1055 3942 1127 3989 artus

360 4025 461 4078 semino
478 4038 531 4089 quc
548 4023 650 4089 possint
667 4020 791 4072 membris
809 4035 915 4072 manure
932 4023 1051 4088 remisse,
1111 4047 1115 4056 ·

360 4113 509 4177 feminaque
529 4117 560 4161 ut
578 4107 696 4160 maribus
714 4110 840 4176 coniungi
857 4111 941 4175 pessit
959 4125 1045 4174 urens,

360 4204 504 4266 mutuaque
523 4198 658 4250 insinuent
677 4197 745 4250 inter
762 4213 790 4250 se
808 4197 906 4266 gandia
924 4203 1041 4265 uterque.

359 4287 496 4354 Multaque
514 4293 570 4340 tum
587 4286 719 4340 interiisse
738 4286 900 4340 snimcntum
918 4287 1005 4339 sooch
1023 4296 1155 4342 aecumst

359 4391 408 4428 neo
425 4377 543 4444 potuisse
561 4375 727 4442 propagando
745 4375 887 4443 procudere
904 4374 1013 4444 psorem

295 4465 315 4536 ¹)
333 4465 372 4522 (ii.
391 4466 423 4518 de
440 4470 495 4516 nst.
514 4464 581 4518 deur.
600 4465 635 4528 Π,
655 4467 699 4518 87.
