2934 5076
802 501 844 564 cl

311 636 382 735 tate
403 668 497 736 nobis
519 669 673 754 creptos?
716 669 760 735 At
784 640 926 764 ‘iiffsane
960 665 1048 732 haud
1080 667 1128 731 ita
1163 663 1270 746 multi,
1294 666 1332 730 ut
1369 715 1374 722 ff
1449 669 1465 764 ,ξῑ

311 772 420 858 aliquo
448 793 582 839 numero
610 771 730 838 haberi
756 771 899 856 possent.
951 771 1018 838 Nec
1039 791 1116 837 vero
1144 774 1233 834 recte
1260 787 1331 835 mos
1433 780 1461 834 ess

310 876 372 942 dici
407 883 516 962 potest
552 879 603 961 id,
646 875 731 962 quod
764 880 798 944 in
825 877 960 962 singulis
989 883 1116 944 tantum
1148 876 1245 942 rebus
1275 878 1332 940 aut
1398 963 1405 972 ‚
1458 917 1459 941 1

308 983 419 1065 paucis
441 982 546 1047 locum
567 981 676 1049 habet.
726 983 770 1048 Et
803 983 933 1068 adjuvat
961 988 1105 1048 nostram
1138 979 1330 1046 sententiam
1390 977 1409 1070 ¹¹¹·
1452 965 1465 1029 ἒ

308 1084 397 1150 locus
419 1085 473 1151 ille
498 1108 597 1171 supra
622 1091 690 1172 jam
722 1092 988 1152 commemoratus
1016 1085 1062 1150 ad
1084 1083 1238 1162 quntum
1266 1081 1331 1148 ira·
1385 1073 1395 1090 ³
1455 1097 1461 1133 τ’

308 1191 481 1276 trem²¹¹)‚
498 1191 569 1256 ‘ubi
591 1213 688 1275 quum
711 1213 816 1258 sermo
840 1192 880 1257 de
901 1191 993 1257 libris
1023 1189 1063 1255 de
1085 1186 1263 1271 Republica
1281 1206 1330 1252 es·
1453 1179 1461 1239 ‘ss

309 1301 375 1377 set,
409 1295 520 1362 Cicero
542 1317 562 1361 a
585 1296 737 1363 Sallustio
761 1319 795 1362 se
816 1297 1015 1362 admonitum
1036 1315 1106 1360 esse
1128 1295 1193 1374 ait,
1228 1292 1331 1357 multo
1462 1306 1465 1338 l

308 1403 428 1486 majore
450 1400 642 1466 auctoritate
672 1401 735 1467 illis
767 1401 807 1466 de
837 1400 933 1466 rebus
963 1399 1026 1465 dici
1054 1419 1163 1482 posse,
1200 1397 1228 1461 si
1259 1396 1330 1479 ipse
1453 1412 1465 1451 a

308 1503 457 1590 (Cicero)
494 1505 679 1588 loqueretur
709 1505 749 1572 de
783 1504 965 1598 republica,
1005 1502 1197 1586 praesertim
1231 1521 1329 1584 quum

307 1613 393 1674 esset
425 1629 490 1672 non
510 1608 696 1674 Heraclides
718 1609 887 1689 Ponticus,
922 1607 980 1672 sed
1008 1604 1187 1672 consularis
1223 1608 1257 1669 et
1283 1604 1328 1685 is,
1459 1621 1465 1660 11

306 1713 362 1796 qui
383 1713 417 1777 in
439 1713 585 1776 maximis
601 1718 748 1796 uersatus
764 1714 798 1777 in
815 1733 850 1776 re
863 1710 994 1796 publica
1005 1709 1102 1786 rebus
1120 1714 1220 1774 essct:
1243 1729 1329 1792 quac
1456 1722 1460 1758 ῑ

305 1821 374 1881 tam
397 1817 536 1899 antiquis
557 1816 740 1882 hominibus
763 1817 975 1895 attribueret,
1002 1835 1042 1880 ea
1063 1815 1166 1882 risum
1187 1814 1229 1879 iri
1250 1813 1330 1878 ficta
1457 1825 1465 1868 ἓ

306 1941 385 1987 esse.
407 1959 453 1970 -
491 1911 883 2016 ¹»Aristotelemdeniqus'a
906 1918 1050 2004 quaeda
1078 1937 1115 1984 re
1142 1917 1273 2000 publica
1294 1923 1329 1985 ot
1456 1961 1457 1964 =

304 2031 491 2110 praestante
533 2027 602 2091 viro
645 2027 766 2091 scribat
801 2025 908 2108 ipsum
935 2024 1056 2108 loqui«.
1112 2021 1327 2105 Quaesiveris,
1457 2039 1465 2071 ⁴³

305 2131 467 2216 quodnam
488 2127 672 2202 Aristotelis
696 2130 850 2212 scriptum
871 2149 990 2209 eorum,
1024 2147 1107 2211 quae
1130 2127 1172 2192 ad
1197 2147 1326 2210 rempu·
1368 2142 1373 2150 ··
1457 2145 1465 2182 ÷

303 2233 421 2300 blicam
442 2235 638 2319 pertineant,
663 2234 834 2300 Sallustius
847 2233 1026 2318 significare
1036 2232 1185 2298 voluer-it.
1228 2231 1330 2297 Plura

304 2340 387 2404 enim
411 2343 478 2424 ejus
501 2324 622 2422 scripta
644 2339 686 2403 ad
707 2337 938 2421 rempublicam
960 2337 1157 2428 pertinentia
1178 2337 1329 2401 arcteri-

303 2443 364 2508 bus
387 2449 687 2509 commemorantur.
731 2443 769 2507 In
790 2463 856 2526 qua
885 2443 1075 2525 quaestione
1103 2441 1156 2506 vix
1182 2438 1329 2506 dubitari

303 2549 442 2632 poterit,
474 2549 551 2632 quin
572 2569 593 2613 a
615 2547 767 2613 Sallustio
792 2547 962 2632 significati
993 2547 1058 2611 sint
1077 2545 1125 2611 illi
1154 2551 1227 2612 octo
1250 2545 1329 2611 libri

302 2653 526 2735 Politimmm,
562 2673 641 2737 quos
663 2657 791 2717 tantum
813 2651 899 2738 solos
924 2671 964 2714 ex
985 2649 1093 2715 multis
1124 2649 1256 2715 fortuna
1276 2671 1328 2714 rc·

301 2757 405 2842 liquos
428 2779 498 2822 esse
520 2757 630 2823 voluit.
675 2756 758 2820 Nam
779 2762 817 2820 ut
838 2755 982 2821 Platonis
1010 2753 1119 2819 decem
1149 2759 1225 2818 sunt
1249 2753 1328 2819 libri

292 2864 343 2927 'de
364 2861 558 2946 Republica,
582 2861 765 2926 Aristotelis
788 2866 861 2926 octo
882 2859 1110 2940 Politicorum‚
1141 2857 1187 2922 sic
1210 2855 1325 2924 Cicero

301 2967 402 3032 voluit
426 2967 494 3031 sine
517 2966 614 3030 dubio
637 2985 730 3030 suum
753 2969 879 3030 exstare
907 2963 993 3047 apud
1016 2967 1162 3046 posteros
1193 2961 1326 3045 aliquod

303 3071 343 3137 de
366 3071 531 3156 republica
553 3091 634 3153 opus
664 3070 839 3151 excellens,
874 3069 960 3152 quod
989 3066 1153 3132 cumillis
1187 3066 1327 3132 conferri

301 3177 414 3260 possit,
437 3197 535 3259 quum
556 3175 623 3240 fere
646 3175 679 3239 in
700 3173 790 3238 nulla
811 3193 847 3252 re
861 3171 1128 3238 Graeciscedere
1144 3170 1325 3255 vellet²¹²).

302 3280 416 3364 Itaque
439 3286 472 3345 et
495 3273 614 3358 sermo,
635 3299 711 3344 sanc
732 3277 932 3357 luculente„
945 3277 980 3342 in
1001 3297 1115 3340 novem
1136 3273 1237 3339 libros
1261 3275 1325 3340 dis·

300 3385 442 3450 tributus
473 3388 544 3448 erat
578 3389 611 3448 et
646 3383 774 3449 aliunde
804 3386 1037 3464 comparatum,
1069 3378 1155 3463 quod
1185 3373 1326 3444 orationi

300 3491 426 3575 pondus
448 3497 483 3557 et
505 3489 693 3572 dignitatem
715 3481 972 3570 aliemeposset.
1019 3482 1110 3561 Quod
1133 3505 1232 3568 quum
1255 3481 1324 3547 Sal·

299 3594 416 3660 lustins
438 3614 503 3659 non
523 3594 688 3676 ignorasse
709 3591 853 3671 videtur,
888 3589 927 3654 de
957 3577 1083 3671 dialogo
1114 3609 1186 3652 eum
1214 3587 1324 3670 aliquo

300 3697 485 3763 Aristotelis
518 3695 663 3760 Ciceroni
694 3693 851 3759 imitando
890 3683 1047 3776 cogitasse
1084 3693 1137 3756 vix
1170 3690 1323 3758 credibile

299 3807 358 3868 est.
403 3803 470 3867 Aut
492 3801 576 3866 enim
598 3799 677 3863 nulli
698 3799 722 3863 ii
745 3803 837 3862 erant
860 3797 899 3862 de
917 3793 1082 3880 republica
1100 3801 1239 3881 omnino,
1263 3807 1321 3867 aut

299 3907 327 3974 si
349 3913 444 3972 crant
466 3905 571 3984 etiam,
595 3907 682 3968 certe
704 3901 790 3968 haud
812 3903 860 3967 ita
881 3923 1017 3986 magnae
1031 3903 1135 3992 molis,
1157 3910 1195 3970 ut
1217 3925 1322 3977 exem·

296 4010 352 4096 pla
373 4011 436 4078 sibi
457 4031 513 4076 eos
536 4007 698 4076 scribendi
721 4005 832 4086 Cicero
854 4027 924 4072 esse
952 4007 1057 4074 vellet.
1105 4005 1194 4086 Quae
1223 4010 1251 4076 si
1272 4011 1322 4078 ita

296 4147 510 4158 -a—-u-ae—

368 4208 493 4278 211)111‚
512 4211 537 4260 s.
555 4211 578 4260 ι.
706 4205 772 4275 212)
790 4208 836 4258 cn.
854 4205 921 4256 enam
937 4203 1034 4256 ruma
1049 4201 1195 4272 copas,
1216 4203 1241 4266 2,
1260 4203 1325 4268 ssq.
