2870 5076
534 411 741 476 ..¹19-

67 583 142 672 gitnt
161 595 271 652 sutem
284 583 317 650 id
333 583 419 672 quod
439 585 582 652 omnium
604 584 744 652 maxime
760 580 903 648 divinum
923 603 962 644 uc
984 577 1217 647 nobilissimum

68 705 109 760 est
122 694 219 784 idque
235 695 303 762 siue
319 694 385 762 ullo
400 696 585 762 mutatione.
616 694 701 762 Nom
717 715 777 781 per
793 689 1001 758 mutationem
1020 689 1061 755 od
1077 690 1217 758 deterius

67 803 136 892 quid
157 807 324 889 transiret,
346 815 450 894 ⁸utque
472 815 644 895 praeterea
666 805 746 870 huec
768 801 902 870 mutatio
920 803 957 868 in
981 823 1017 868 se
1038 801 1218 868 contineret

66 925 196 996 motum,
222 917 276 1006 qui
298 940 319 983 ο
340 915 478 982 numinis
502 915 602 981 divini
625 925 741 982 nutura
764 935 895 1001 prorsus
917 913 1010 978 obest
1020 911 1054 998 ¹).
1101 912 1217 1000 Neque

65 1025 276 1115 compositum‘
293 1027 369 1117 quid
400 1049 470 1094 esso
497 1035 604 1114 potest
627 1024 714 1112 quod
735 1023 815 1090 deus
842 1034 950 1090 mente
979 1022 1218 1110 complectitur,

65 1137 176 1204 etenim
200 1137 413 1226 compositum
436 1137 463 1202 si
487 1146 582 1218 esset,
606 1157 750 1201 summus
772 1133 955 1200 intellectus
978 1133 1010 1199 in
1034 1155 1219 1220 percurren-

65 1243 108 1311 dis
129 1249 324 1335 cogitatione
352 1246 487 1334 singulis
510 1245 655 1335 portibus
683 1243 785 1310 motui
815 1253 847 1308 et
868 1243 1035 1310 mutationi
1060 1255 1144 1310 esset
1166 1245 1220 1309 ob·

65 1357 173 1426 noxius
182 1359 217 1446 ¹).
262 1358 409 1446 Simplex
438 1357 537 1444 igitur
559 1355 635 1444 quid
669 1355 710 1420 sit
731 1375 864 1421 neeesse
888 1362 946 1418 est.
990 1356 1100 1442 Atque
1124 1377 1219 1443 quse-

65 1489 185 1556 cunque
207 1469 343 1538 muteris
366 1477 494 1548 carent,
517 1464 674 1553 simplicio
696 1475 771 1531 sunt
793 1474 827 1530 et
848 1463 1056 1550 individuu³).
1102 1465 1219 1553 Ituque

65 1581 328 1662 quemadmodum
356 1578 539 1646 intellectus
567 1578 741 1659 humanus,
771 1576 849 1642 licet
876 1574 1053 1664 compositu
1076 1577 1219 1664 cogitare

65 1688 176 1774 soleat,
204 1690 366 1758 interdum
390 1709 426 1754 os
447 1689 545 1756 hebet
566 1686 644 1774 (non
672 1685 757 1752 enim
784 1687 817 1752 in
839 1687 901 1752 hoc
924 1696 980 1753 out
1001 1686 1032 1752 in
1056 1687 1131 1768 hoc,
1161 1687 1218 1752 sed

65 1795 92 1864 iu
112 1811 180 1868 toto
203 1825 268 1890 quo
292 1797 537 1885 comprehendit
554 1797 720 1886 optimum,
745 1797 894 1885 quemvis
910 1797 1073 1864 diversum
1091 1798 1131 1863 ab
1148 1797 1218 1884 ipso

65 1907 127 1992 tit),
154 1911 200 1978 ite
232 1910 385 1999 cogitatio
413 1931 497 1998 quae
524 1918 574 1974 est
601 1910 715 1974 suimet
741 1908 843 1996 ipsius
866 1906 1020 1994 cogitatio
1042 1929 1102 1995 per
1124 1929 1218 1974 omne

67 2039 176 2088 nevum
197 2047 232 2090 se
253 2020 397 2106 hobet‘).

142 2133 233 2200 Deus
255 2133 354 2219 igitur
375 2153 505 2218 semper
526 2153 625 2198 uuum
640 2129 738 2218 idque
758 2128 961 2218 individuum
975 2129 1096 2216 cogitat
1111 2151 1220 2216 neque

65 2235 187 2308 diendo
207 2245 298 2332 petit
343 2241 411 2310 Sed
434 2241 589 2331 quidnam
615 2241 676 2308 hoo
698 2265 798 2308 uuum
822 2240 893 2306 est?
932 2238 1063 2306 Diserte
1087 2239 1219 2326 quidem

66 2349 249 2420 Aristoteles
271 2355 304 2421 id
327 2377 487 2443 nusquum
511 2353 601 2435 dixit,
624 2352 831 2440 cognoscitur
855 2361 963 2416 eutem
979 2373 996 2416 e
1012 2349 1119 2416 verbio
1135 2375 1219 2440 quoe

65 2463 164 2543 paullo
175 2489 273 2554 supro
284 2465 460 2532 attulimus.
486 2461 786 2550 „Quemadmodum
799 2483 890 2528 meus
908 2461 1049 2528 humens
1064 2462 1219 2546 sehabet,

66 2571 113 2636 ubi
134 2575 253 2644 bonum
277 2575 408 2662 cogitat,
431 2573 477 2640 sic
499 2574 683 2640 intellectus
707 2571 835 2637 divinus
850 2593 885 2637 se
902 2570 1001 2637 hebet
1016 2595 1075 2660 per
1090 2596 1219 2642 omnem

65 2686 308 2753 oeternitutem.“
345 2685 475 2772 Cogitet
492 2684 590 2772 igitur
613 2682 694 2749 deus
718 2683 838 2748 bonum
862 2691 895 2748 et
918 2684 1086 2770 optimum,
1108 2682 1148 2751 cd
1172 2677 1217 2768 οὖ,

64 2787 97 2856 ‘ll
118 2788 264 2882 ἄριστον.
308 2797 426 2884 Neque
449 2793 555 2860 minus
576 2793 609 2859 id
632 2802 772 2880 apparet
795 2815 837 2860 ex
860 2791 967 2858 verbis
995 2796 1216 2879 parenthetice

64 2901 192 2974 insertis.
238 2909 333 2991 ,Non
367 2904 487 2987 enim,“
520 2905 581 2986 uit,
611 2905 820 2991 „intellectus
850 2907 1007 2972 humanus
1036 2903 1154 2971 bonum
1182 2906 1215 2972 in
1284 2925 1290 2944 ¹

64 3009 116 3080 hoo
138 3027 192 3084 out
211 3019 245 3084 in
270 3020 330 3084 hoo
353 3017 484 3104 cogitet,
506 3015 618 3082 sedin
641 3025 712 3084 toto
735 3039 800 3104 quo
823 3015 1037 3104 amplectitur,
1067 3017 1216 3102 quemvis

4 3153 5 3170 υ
64 3121 97 3188 ab
116 3128 185 3216 ipso
208 3127 371 3196 diversum
394 3125 464 3192 sit.“
511 3125 604 3206 Quae
627 3127 655 3192 si
678 3128 835 3215 legimus,
865 3127 1026 3214 cogimur,
1049 3137 1085 3192 ut
1107 3137 1216 3192 mente

63 3235 223 3306 oddomus:
252 3240 352 3306 multo
382 3237 480 3324 igitur
508 3238 613 3324 mugio
637 3247 890 3306 consentaneum
913 3248 976 3319 est,
1004 3235 1148 3302 divinum
1170 3238 1217 3302 iu·

4 3331 5 3368 ³
63 3347 227 3431 tellectum,
249 3359 361 3438 utpote
384 3350 474 3416 cuius
497 3359 613 3415 notura
635 3371 655 3412 u
677 3349 764 3414 bono
787 3371 852 3414 nou
875 3346 1012 3430 differat,
1036 3345 1114 3412 illud
1137 3357 1216 3414 tom·

4 3521 5 3540 ,
64 3477 149 3542 quern
171 3469 275 3526 totum
297 3459 374 3548 quid
396 3469 429 3526 et
451 3482 551 3526 uuum
575 3459 719 3545 cogitare
742 3480 801 3546 per
823 3479 918 3524 omne
941 3479 1068 3524 uerum.

4 3603 5 3606 =
66 3592 252 3610 *n--a

4 3719 5 3742 ,
125 3677 143 3739 1)
161 3677 224 3728 uec
242 3677 281 3738 A,
301 3679 325 3728 9.
349 3675 506 3728 leuben:
532 3673 618 3740 δῆλον
635 3681 731 3729 τοίνυν
749 3669 791 3728 ὅτι
809 3671 839 3728 τὸ
858 3671 1006 3730 θειότατον
1024 3675 1070 3726 καλ
1087 3671 1216 3746 τιμιώτα-

62 3773 102 3812 τον
117 3767 188 3826 νοεῖ,
214 3765 261 3814 καλ
284 3755 317 3814 οὐ
336 3759 513 3831 μεταβάλλει·
537 3763 575 3820 εἰς
597 3764 694 3831 χεῖρον
711 3759 766 3832 γὰρ
786 3757 801 3830 ἡ
819 3758 973 3834 μεταβολή,
990 3764 1036 3814 καὶ
1055 3765 1160 3824 κίνησίς
1177 3781 1216 3822 τις

4 3915 5 3918 ¹
62 3837 106 3914 ἤδη
121 3849 150 3902 τὸ
169 3851 304 3904 τοιοῦτον.

126 3939 196 4002 ¹)1..
215 3939 234 3990 l.
254 3941 322 3999 10⁷6
336 3954 353 3990 e
365 3945 395 3990 5:
421 3937 460 3991 ἔτι
479 3933 513 4002 δὴ
533 3937 653 3990 λείπεται
671 3933 787 4007 ἀπορία,
807 3940 832 3992 et
849 3934 985 3993 σύνθετον
1001 3935 1031 3992 sd
1051 3933 1215 4008 νοούμενον.

61 4021 217 4091 μεταβάλλοι
235 4023 290 4094 γὰρ
309 4019 345 4078 ἂν
363 4023 395 4078 ἓν
413 4029 470 4082 τοῖς
486 4025 583 4094 μέρεσι
600 4025 649 4076 τοῦ
667 4021 744 4078 ὅλου.

125 4111 195 4178 Ἧι.
215 4113 234 4166 1.
256 4117 323 4166 10⁷5
338 4117 397 4166 ut:
416 4107 432 4178 ἢ
451 4109 609 4180 ἀδιαίρετον
628 4113 685 4166 πᾶν
704 4109 734 4166 sd
752 4111 791 4184 μὴ
810 4113 875 4182 ἔχον
893 4108 969 4178 ὕλην.

122 4201 143 4266 ⁶)
162 4202 193 4254 λι.
212 4201 232 4254 l.
254 4205 321 4254 10⁷5
335 4219 352 4254 o
365 4206 395 4252 7:
414 4197 507 4268 ὥσπερ
526 4197 580 4269 γὰρ
593 4196 609 4254 ὁ
622 4196 799 4273 ἀνθρώπινος
817 4202 889 4264 νοῦς,
908 4197 924 4254 ὅ
941 4217 973 4270 ye
992 4201 1046 4254 suiv
1064 4201 1217 4266 συνθέτων,

4 4335 8 4356 ,
63 4279 111 4350 ἔχει
131 4285 162 4340 λυ
184 4303 240 4342 τινι
260 4287 355 4360 χρόνῳ
379 4285 426 4356 (οὐ
450 4285 504 4358 γάρ
529 4286 585 4355 ἔχει
606 4285 636 4342 rd
655 4281 685 4342 rel
704 4289 735 4343 ἐν
752 4288 818 4356 τοο)
835 4283 852 4357 ἢ
871 4288 901 4342 ἐν
920 4286 1004 4354 rudi,
1026 4283 1091 4340 ἀλλ’
1112 4286 1142 4342 ἐν
1161 4283 1217 4354 ὅλῳ
1339 4297 1344 4314 ’

62 4373 107 4426 rol
127 4372 158 4428 ολ
182 4367 313 4444 ἄριστον,
342 4373 376 4430 ὄν
399 4371 467 4430 ἄλλο
490 4376 542 4444 τι),
569 4371 654 4434 οὕτως
677 4373 711 4442 δὴ
733 4376 787 4445 ἔχει
813 4372 880 4444 αὐτὴ
905 4372 986 4444 αὐτῆς
1010 4372 1026 4442 ἡ
1052 4371 1146 4444 νόησις
1167 4373 1217 4430 τὸν

63 4453 164 4518 luem
183 4464 285 4518 utura.
