2870 5076
705 444 912 508 ..ηρ-

227 621 268 684 ci.
292 618 390 704 Phys.
415 615 510 698 VIII,
533 619 564 684 4.
588 614 687 680 abab
704 615 740 680 2:
764 607 783 680 ὁ
805 611 868 702 γὰρ
890 613 971 696 ἔχων
986 609 1173 701 ἐπιστήμην
1186 613 1232 702 μή
1246 613 1373 701 θτωρῦν

229 727 268 797 dd
291 723 431 810 δυνάμει
452 722 542 795 ἐστὶν
564 719 758 812 ἐπιστήμων
779 749 868 804 πως,
893 718 970 790 dtt'
996 718 1056 806 οῦχ
1078 718 1124 803 ὦς
1146 723 1204 792 καὶ
1225 722 1299 812 ττρὶν
1318 748 1373 807 μα-

230 843 317 908 θεῖν.
342 833 470 906 ὅτανδ’
489 833 597 916 οὕτως
619 831 685 925 ἔγρῃ,
709 829 768 903 ε’άν
789 859 822 902 τι
837 834 882 922 μὴ
899 833 1022 925 κωλύῃ,
1045 835 1169 924 ἐνεργεῖ
1181 835 1238 903 καὶ
1252 838 1373 923 θεωρεῖ.

230 953 283 1016 De
306 951 403 1014 anim.
427 951 472 1030 II,
496 951 525 1014 ὃ.
548 949 610 1012 417
629 949 647 1010 b
663 947 701 1012 5:
731 950 884 1034 θεωροῦν
912 946 975 1034 γοὶρ
1002 944 1150 1034 γίγνεται
1175 945 1216 1014 τὸ
1237 943 1309 1028 ἕχον
1326 943 1375 1032 σὴν

229 1054 425 1146 ἐπιστήμην.
463 1061 611 1146 Itaque
633 1057 724 1139 hoc,
748 1059 816 1124 soil.
841 1059 927 1147 quod
951 1068 1025 1124 actu
1048 1067 1098 1124 est
1119 1057 1335 1145 intellegibilis
1352 1067 1377 1121 et

229 1172 424 1259 speculatur,
447 1173 573 1254 magis
597 1189 711 1255 quam
734 1166 846 1250 illud,
871 1169 939 1234 scil.
964 1167 1049 1256 quod
1073 1191 1178 1256 capax
1202 1177 1251 1232 est
1273 1167 1378 1232 intelle

228 1281 337 1369 gibilis
360 1277 539 1364 recipiendi
562 1286 592 1341 et
616 1277 805 1364 speculandi
828 1278 927 1344 utitur
949 1277 1110 1367 potentia,
1143 1278 1265 1344 estid
1288 1276 1377 1364 quod

231 1391 366 1456 divini
395 1389 626 1454 intellectus
656 1385 809 1452 habere
838 1389 1013 1454 videtur.
1057 1389 1143 1455 Nam
1171 1389 1253 1452 haec
1274 1384 1378 1453 mentis

231 1499 384 1586 cogitatio
413 1499 461 1564 sui
489 1497 589 1585 ipsius
617 1519 742 1561 summa
767 1498 905 1564 hominis
934 1499 1017 1564 actio
1048 1506 1098 1564 est
1125 1507 1225 1586 atque
1253 1519 1305 1576 ea,
1331 1517 1379 1583 per

231 1633 328 1698 quam
359 1630 462 1697 prope
489 1607 529 1672 ad
557 1605 657 1671 vitam
681 1606 823 1672 divinam
851 1608 999 1690 accedat,
1032 1609 1072 1674 cf.
1096 1609 1174 1674 Eth.
1198 1609 1273 1674 Nic.
1295 1605 1336 1684 X,
1355 1605 1379 1668 l.

233 1718 434 1784 mitid.
495 1720 630 1803 Atque
668 1717 894 1800 speculatio
931 1718 1222 1805 gratissimum
1260 1726 1319 1784 est
1350 1723 1380 1780 et

201 1861 207 1870 ·
232 1827 436 1915 optimum.
483 1828 553 1892 Iam
582 1826 657 1892 huic
685 1826 981 1916 praestantissimae
1012 1837 1045 1894 et
1073 1828 1279 1896 beatissimae
1307 1825 1379 1891 vitae

230 1938 390 2003 humanae
422 1936 631 2025 philosophus
665 1939 790 2003 confert
823 1937 967 2003 divinam
979 1939 1014 2023 ¹).
1072 1938 1116 2006 Si
1152 1939 1283 2026 igitur
1313 1945 1378 2001 tam

309 2206 327 2270 ¹)
346 2205 529 2272 Schwaglerus
547 2210 622 2270 putat
634 2203 716 2254 verba
737 2203 799 2253 inde
817 2219 833 2254 a
849 2204 868 2254 b
885 2207 931 2256 18:
950 2199 1011 2270 ἡδὲ
1023 2201 1145 2272 νόηστςὴ
1159 2200 1226 2256 καθ’
1241 2198 1323 2268 αὐτήν
1336 2199 1380 2252 ντὶ.

234 2294 369 2346 referenda
387 2309 445 2344 esse
462 2292 496 2342 ad
514 2298 626 2341 mentem
646 2291 772 2341 divinam.
801 2289 852 2340 Cui
865 2295 1136 2360 sententiaeprimum
1154 2295 1238 2344 totius
1256 2294 1308 2344 loci
1325 2289 1380 2340 ratio
1422 2349 1423 2358 ρ

234 2381 329 2434 obstat.
365 2382 431 2432 Nam
451 2395 511 2432 cum
530 2378 627 2429 dixerit
644 2377 818 2444 philosophus
836 2378 854 2430 b
869 2383 914 2430 14!
934 2377 1060 2449 ῦταγωγὴ
1077 2378 1106 2431 δ’
1122 2379 1196 2433 ἐστὶν
1210 2381 1256 2432 cia
1268 2376 1284 2447 ἡ
1297 2375 1379 2448 ἀρίστη

234 2463 336 2536 μικρὸν
352 2461 458 2536 χρόνον
476 2461 552 2536 ἡμῖν,
577 2482 645 2532 quae
669 2467 704 2516 sit
722 2471 812 2516 nostra
830 2467 886 2518 vita
905 2471 1005 2534 optima
1023 2469 1168 2522 docendum
1187 2477 1235 2520 est.
1272 2469 1329 2520 Hoc
1344 2479 1381 2531 per
1422 2461 1423 2482 ¹

235 2573 263 2608 se
282 2557 432 2621 requiritur.
469 2555 606 2606 Praeterea
624 2560 711 2606 autem
730 2553 811 2606 verba
829 2571 896 2622 quae
914 2557 1040 2626 leguntur
1057 2557 1075 2610 b
1090 2563 1136 2610 24:
1155 2559 1180 2608 εί
1198 2549 1248 2610 οῦν
1268 2551 1346 2609 οὕτως
1357 2541 1379 2602 tl

234 2641 304 2709 ἔχει,
328 2636 364 2697 ὡς
381 2635 458 2710 ἡμεῖς
475 2644 556 2704 ποτέ,
582 2636 596 2692 ὁ
616 2636 755 2708 deiectat,
779 2639 961 2713 θαυμαστόν·
981 2645 1006 2696 εἰ
1031 2643 1196 2714 δὲμᾶλλον,
1221 2641 1259 2696 ἔτι
1283 2649 1380 2710 θαυμα-

235 2724 374 2796 σιώτερον,
400 2732 465 2781 satis
489 2730 582 2782 docent
600 2746 631 2781 ea
650 2745 717 2795 quae
741 2731 897 2782 antecedant
914 2735 1043 2799 pertinere
1061 2732 1094 2783 ad
1111 2739 1224 2784 mentem
1243 2734 1380 2784 humanam

235 2819 356 2884 Denique
374 2819 403 2868 in
422 2817 544 2870 divinum
563 2818 726 2868 intellectum
745 2819 854 2870 minime
872 2820 971 2872 cadunt
988 2821 1066 2874 hacc:
1084 2819 1181 2884 νοητὸς
1199 2817 1253 2889 γὰρ
1272 2822 1380 2886 γίγνεταί

234 2901 378 2973 θιγγάνων
401 2905 448 2955 καὶ
472 2905 547 2957 νοῶν
565 2905 582 2956 b
600 2909 632 2956 20
657 2911 683 2956 et
705 2901 735 2958 τῦ
761 2903 816 2975 γὰρ
839 2902 965 2960 δεκτικὸν
978 2908 1035 2960 ’τοῦ
1053 2909 1153 2972 νοητοῦ
1172 2909 1219 2958 καὶ
1237 2908 1282 2972 τῆς
1300 2901 1381 2958 οὐσίας

234 2995 298 3051 νοῦς
320 2995 337 3046 b
361 2998 401 3044 22.
439 2992 536 3043 Contra
558 2992 697 3044 Bonituius
721 2994 753 3044 de
775 3001 861 3046 manta
892 2995 1008 3046 humans
1034 2998 1128 3048 disseri
1153 3004 1229 3062 putat
1253 3011 1334 3062 usqua
1354 2987 1381 3040 sl

234 3082 327 3134 verba:
346 3078 375 3133 τὰ
395 3079 449 3150 γὰρ
469 3075 595 3132 δεκτικὸν
613 3080 663 3130 τοῦ
680 3082 780 3145 νοητοῦ
799 3084 846 3133 καὶ
864 3083 910 3148 της
923 3080 1017 3141 οὐσίας
1035 3084 1108 3148 νοῦς,
1128 3091 1208 3150 atqua
1227 3083 1321 3135 reverti
1338 3078 1381 3129 dis·

235 3170 398 3238 putationem
423 3169 455 3220 ad
478 3168 642 3219 intellectum
666 3167 786 3220 divinum
809 3171 870 3221 inde
893 3189 909 3224 a
935 3165 1022 3223 'verbis
1048 3171 1155 3240 ίνεργεῑ
1176 3170 1208 3222 di·
1227 3170 1297 3238 ἔχων
1314 3169 1330 3220 b
1347 3169 1381 3217 22·

237 3260 276 3313 ci.
297 3263 434 3312 comment.
458 3273 484 3324 p.
500 3261 561 3310 501:
591 3257 761 3320 ,intellectus
784 3261 854 3310 enim
877 3267 970 3326 suapte
993 3267 1087 3312 natura
1109 3266 1187 3327 aptus
1209 3267 1250 3311 cst
1272 3259 1304 3312 ad
1326 3254 1380 3306 reei-

236 3346 360 3413 pieudum
380 3345 406 3396 id
424 3345 495 3411 quod
518 3351 557 3396 eet
580 3345 767 3412 intellegibile,
791 3347 818 3396 id
843 3353 883 3400 est
907 3354 995 3399 autem
1019 3349 1051 3401 ad
1073 3348 1249 3414 recipiendam
1273 3346 1381 3398 subsun-

235 3436 309 3486 tiam.
346 3435 469 3484 Summus
488 3448 549 3483 vero
568 3433 729 3497 intellectus,
749 3435 873 3498 quoniam
892 3437 989 3502 ipsein
1005 3438 1165 3487 recontinet
1183 3442 1262 3502 atqua
1280 3437 1334 3500 ipse
1350 3433 1382 3479 ast

235 3517 265 3572 τὸ
284 3515 391 3583 νοητόν,
409 3535 462 3569 non
481 3520 633 3570 facultatem
651 3522 737 3572 solum
760 3521 840 3573 habet
857 3523 1039 3590 intellegendi,
1064 3524 1110 3574 sed
1133 3521 1263 3590 ἔνεργεῖ,·
1301 3519 1347 3573 Sed
1363 3516 1380 3566 si

236 3611 296 3675 quis
316 3609 394 3660 dicit:
420 3604 449 3659 τό
473 3604 528 3673 γὰρ
553 3603 680 3660 δεκτικὸν
703 3607 753 3658 τοῦ
776 3610 875 3673 νοητοῦ
895 3612 941 3660 καὶ
959 3609 1003 3674 τῆς
1021 3606 1118 3667 οὐσίας
1135 3610 1215 3672 νοῦς,
1240 3609 1342 3677 ἐνεργεῖ
1356 3601 1380 3655 di

237 3695 308 3764 ἔχων
326 3697 454 3762 posterior
472 3695 606 3746 enunciati
623 3711 684 3761 pars
703 3695 822 3748 subiecto
842 3700 881 3748 uti
899 3714 953 3749 non
970 3703 1056 3763 potest
1074 3699 1127 3750 alio
1147 3705 1226 3764 atque
1242 3716 1300 3766 para
1313 3697 1379 3764 prior.

236 3785 325 3851 Neque
348 3789 474 3850 punctum
500 3781 648 3849 ponendum
674 3789 714 3833 est
737 3790 797 3834 ante
823 3784 904 3836 rerba
926 3783 1034 3852 ἐνεργεῖ
1056 3784 1087 3837 δὲ
1110 3785 1190 3852 ἔχων,
1214 3789 1260 3840 sed
1284 3797 1380 3842 commu

237 3889 296 3926 cum
314 3875 357 3924 his
376 3876 450 3923 actus
470 3877 616 3937 opponatur
634 3873 775 3937 potentiae,
795 3888 862 3937 quae
880 3873 1046 3940 significatur
1057 3875 1143 3939 priore
1155 3878 1300 3926 sententiaa
1311 3877 1381 3941 parte.

238 3963 332 4014 Confer
354 3962 397 4011 his
416 3959 504 4010 verbis
527 3959 615 4009 locum
638 3960 684 4022 qui
708 3965 747 4008 est
772 3958 803 4009 de
827 3963 907 4010 anim.
927 3961 980 4024 111,
999 3965 1024 4010 4.
1044 3965 1095 4011 429
1109 3961 1126 4013 b
1141 3965 1186 4013 30:
1212 3961 1254 4016 du
1277 3957 1380 4027 δυνάμει

239 4046 297 4107 πώς
313 4049 369 4102 ἐστι
387 4043 419 4100 τὰ
438 4044 521 4112 νοητὰ
542 4041 555 4097 ὁ
575 4045 649 4110 νοῦς,
676 4039 737 4095 ἀλλ’
756 4044 905 4113 ἐντελεχείᾳ
925 4043 1016 4110 οὐδέν,
1036 4049 1103 4115 πρὶν
1120 4042 1155 4102 ἂν
1171 4050 1231 4120 νοῇ.
1259 4052 1382 4102 Praetores

238 4145 325 4191 autem
343 4154 376 4188 ne
393 4143 450 4187 tum
469 4133 587 4200 quidem,
608 4135 630 4183 si
650 4133 677 4183 id
696 4135 765 4198 quod
783 4136 842 4187 vult
860 4135 997 4187 Bonitnius
1019 4139 1153 4202 statuitur,
1178 4138 1327 4206 philosophi
1343 4150 1380 4186 cx·

238 4228 333 4293 positio
352 4230 411 4291 apte
429 4223 553 4290 procedit.
590 4223 657 4273 Nam
676 4221 767 4272 verba:
790 4225 815 4273 εἰ
832 4216 883 4274 οῦν
902 4219 987 4282 οῦτως
1003 4216 1032 4274 sd
1051 4223 1116 4290 ἓχετ,
1136 4220 1171 4282 ὡς
1189 4221 1266 4295 ἡμεῖς
1283 4215 1379 4287 nortl

238 4307 303 4369 θεὸς
321 4309 374 4376 ἀεί,
392 4305 564 4380 θαυμαστόν·
585 4311 749 4376 apertissimo
768 4317 830 4361 sunt
847 4311 956 4376 indicio,
976 4327 1006 4363 aa
1019 4327 1086 4378 quae
1098 4315 1253 4366 antecedant
1272 4314 1304 4366 sd
1319 4325 1379 4362 men·

238 4407 290 4452 tem
314 4405 429 4466 spectare
453 4398 604 4450 humanam.
640 4399 733 4464 Itaque
757 4400 946 4450 sententiarum
969 4399 1136 4452 cohaerentis
1157 4416 1216 4452 esse
1238 4417 1291 4453 non
1306 4399 1379 4468 potest

238 4490 291 4542 nisi
308 4488 384 4540 haec:
405 4485 447 4562 dei
464 4491 589 4553 perpetuo
607 4488 663 4540 vita
681 4491 729 4550 ast,
756 4486 843 4552 qualia
861 4488 968 4554 optima,
988 4503 1055 4555 quaa
1072 4486 1150 4540 nobis
1168 4503 1215 4556 par
1232 4490 1309 4544 breve
1325 4495 1378 4539 tan·
