2870 5076
677 423 885 488 ..42-

202 563 313 662 dome
348 619 389 662 ac
421 595 594 680 familia,
629 596 697 662 ubi
729 596 917 683 ingenuis
952 598 1109 665 minime
1141 594 1243 685 quod
1275 593 1349 660 fers

199 703 337 772 tulerit
359 708 490 774 facere
513 708 624 789 licet,
648 705 714 772 sed
737 707 797 796 his
812 707 990 795 (ingenuis)
1006 709 1130 775 omnia
1153 705 1351 794 autplera-

200 839 274 904 que
304 827 413 884 certa
440 819 530 906 lege
560 818 779 884 constituta
809 829 899 884 sunt
931 817 1011 906 [scil.
1042 818 1166 885 ratione
1193 819 1256 884 τοῦ
1276 811 1351 883 ὅλον

151 957 156 964 “
198 931 257 1015 τῆς
273 921 409 1017 οἱκίας],
433 929 518 994 dum
540 928 749 1016 mancipiis
773 929 1071 996 et·animalibue
1095 928 1278 1016 exiguum
1300 935 1352 992 est

200 1041 302 1126 quod
325 1039 503 1125 attingat
526 1061 741 1121 commune,
763 1039 783 1103 i.
807 1061 836 1104 e.
861 1038 990 1105 domum
1013 1040 1209 1121 universam,
1233 1038 1352 1128 plera·

200 1171 274 1236 que
303 1160 434 1218 entem
467 1151 504 1216 in
536 1173 632 1217 casu
659 1149 792 1238 posita
826 1157 921 1216 sunt.
966 1151 1051 1216 Nam
1085 1158 1196 1215 certae
1222 1149 1268 1214 illi
1293 1147 1352 1236 legi

201 1281 284 1347 quae
306 1261 456 1348 ingenuis
478 1261 599 1349 scripta
623 1270 681 1342 est,
704 1283 770 1325 non
793 1269 868 1326 sunt
890 1259 1032 1326 obnoxia
1056 1261 1220 1349 mancipia
1241 1268 1274 1324 et
1295 1257 1353 1323 eni-

171 1445 174 1452 ,
199 1371 296 1437 melia
318 1371 503 1437 domestica.
537 1370 633 1436 Tale
657 1371 759 1436 enim
781 1370 1020 1459 principium
1039 1371 1352 1457 uniuscuiusque

200 1501 335 1547 eorum
363 1491 424 1548 est
453 1490 616 1565 nature,
647 1480 666 1546 i.
690 1503 718 1546 e.
750 1503 847 1548 causa
878 1480 971 1546 huius
999 1479 1193 1546 discriminis
1215 1481 1249 1546 i'n
1271 1478 1354 1544 varia

198 1591 398 1679 singularum
420 1615 528 1659 rerum
549 1601 665 1658 natura
687 1592 792 1681 posita
814 1600 876 1657 est:
909 1614 985 1658 suus
1014 1591 1099 1659 enim
1132 1591 1250 1679 cuique
1270 1589 1352 1655 locus

198 1724 236 1766 ac
272 1723 332 1768 sua
365 1703 481 1792 cuique
519 1703 637 1792 agendi
673 1703 756 1769 ratio
793 1725 852 1790 pro
888 1712 1026 1768 naturae
1063 1701 1251 1769 diversitate
1287 1700 1354 1766 assi·

198 1821 300 1904 gnata
321 1823 378 1878 est.

282 1922 352 1989 Iam
377 1947 396 1988 a
419 1921 626 1990 similitudine
656 1923 768 1990 domus
799 1923 883 1992 redit
906 1923 1098 1990 Aristoteles
1128 1923 1170 1988 ad
1201 1924 1351 1990 rationem

197 2033 319 2098 mundi.
365 2033 504 2101 Omnia
532 2036 631 2100 enim
655 2035 935 2101 discernantur
957 2055 1120 2100 necesse
1144 2017 1216 2100 eet.
1264 2029 1351 2113 Quod

1424 1023 1427 1180 t

199 2143 350 2210 scribitur
373 2143 458 2232 λέγω
481 2139 514 2210 d'
540 2133 624 2228 οἷον,
647 2146 677 2210 h.
700 2146 722 2212 l.
747 2170 788 2212 ex
811 2144 1070 2234 frequ'et'ttis‘simo
1093 2145 1279 2212 Aristotelis
1300 2165 1352 2209 usu
1427 2141 1428 2168 ³

200 2254 407 2341 explicationi
440 2277 550 2322 eorum
584 2277 667 2345 quae
704 2256 800 2322 modo
833 2256 920 2323 dicta
954 2266 1029 2322 sunt
1057 2256 1203 2322 inservit.
1251 2256 1352 2322 Verbo

199 2365 421 2455 διακριθῆναι
447 2367 636 2434 varietatem
667 2367 830 2456 quandem
861 2375 894 2434 st
923 2349 1351 2456 diversitatem-significari,

198 2477 329 2562 plenum
360 2487 425 2543 est:
458 2477 548 2546 cuius
577 2477 664 2544 modi
693 2500 732 2544 ea
760 2477 815 2559 sit,
850 2474 992 2543 dubium.
1038 2477 1104 2545 Sed
1133 2477 1185 2544 hic
1217 2479 1351 2567 quidem,

199 2587 275 2673 quia
296 2586 507 2678 interpretum
528 2590 583 2678 qui
605 2589 645 2654 de
668 2589 730 2655 hec
752 2589 823 2656 loco
845 2588 1066 2655 disseruerunt
1088 2589 1266 2655 sententias
1288 2609 1353 2655 exa

198 2695 390 2765 minabimus
416 2699 500 2767 infra
510 2702 546 2786 ¹),
575 2700 667 2768 nobis
697 2700 774 2790 quid
806 2700 955 2766 videatur
981 2700 1014 2764 in
1042 2699 1184 2764 medium
1213 2701 1352 2787 proferre

198 2807 275 2872 satis
296 2808 463 2878 habemus.
509 2813 545 2880 si
573 2811 812 2906 similitudinem
839 2811 928 2892 illam
952 2832 1049 2897 quem
1072 2833 1092 2874 a
1114 2809 1211 2876 domo
1233 2813 1267 2876 in
1289 2831 1353 2900 pro·

196 2917 291 2985 ximis
308 2911 475 3008 ¹petiverat
496 2923 705 3012 philosophus
734 2921 839 2988 adhuc
866 2919 1086 3003 meminimus,
1120 2919 1160 2985 ad
1187 2921 1352 2988 necessitu·
1428 2933 1429 2972 t

198 3030 281 3097 dinis
305 3036 494 3101 varietatem
525 3039 608 3122 quae
637 3035 772 3122 singulis
799 3034 896 3100 rebus
921 3056 994 3098 cum
1024 3041 1091 3099 toto
1114 3031 1298 3118 intercedit,
1324 3040 1353 3098 et
1428 3061 1429 3114 g

199 3143 240 3208 ad
263 3143 482 3210 diversitatem
512 3144 630 3232 agendi
654 3167 737 3233 quae
761 3169 802 3212 ex
824 3133 880 3212 ilia
908 3142 1029 3232 pendet
1058 3142 1164 3207 animo
1188 3142 1352 3210 informen·
1428 3167 1429 3178 ¹

199 3251 273 3320 dam
301 3255 531 3322 sententiarum
559 3264 672 3321 tencre
701 3257 857 3322 ducimur.
905 3251 1078 3338 „Omnia,“
1102 3253 1223 3341 inquit,
1255 3256 1352 3342 „inter

198 3385 232 3428 se
256 3364 481 3436 discernantur
495 3388 628 3433 necesse
645 3366 724 3450 est,“
748 3368 811 3432 hoc
826 3373 932 3452 pacto,
960 3373 1006 3447 ut,
1030 3363 1301 3454 quemadmodum
1323 3364 1351 3428 in

198 3473 292 3539 domo
317 3497 375 3540 suu
397 3476 514 3564 cuique
542 3477 710 3564 provincie
737 3477 903 3565 assignata
933 3485 997 3556 est,
1027 3474 1072 3540 ite
1093 3475 1126 3540 in
1149 3477 1269 3542 mundo
1292 3474 1352 3540 uni·

198 3607 291 3650 serso
314 3609 407 3674 suum
430 3586 572 3675 quidque
588 3588 694 3656 locum
710 3611 783 3653 cum
804 3596 920 3654 natura
935 3607 993 3651 sna
1009 3594 1240 3672 congruentem
1257 3608 1353 3653 suam·

198 3717 261 3782 que
285 3695 402 3782 agendi
424 3696 581 3762 rationem
605 3696 750 3763 obtineat
773 3706 805 3763 et
827 3705 966 3763 tueatur.

197 3861 398 3874 —nu—-n-

199 3949 252 4023 οὐχ
277 3949 370 4025 ὥσπερ
393 3957 445 4011 νῦν
466 3951 570 4011 τούτων
593 3950 677 4008 οὐδὲν
700 3958 825 4024 γίγνεται
849 3954 913 4022 περὶ
936 3947 1029 4008 αὐτόν.
1068 3957 1149 4022 Gorg.
1174 3959 1267 4010 tm:
1295 3951 1353 4013 scit

197 4039 348 4104 νεωτάτους
371 4042 452 4117 ὑμῶν
480 4045 639 4116 διαφθείρει
656 4029 771 4116 ιτέμνειν
799 4059 827 4096 τε
851 4043 898 4094 καὶ
923 4037 1000 4094 stiur
1023 4071 1075 4096 -.
1105 4041 1158 4112 οὐχ
1183 4043 1275 4114 ὥσπερ
1303 4039 1353 4113 ἐγώ

198 4131 288 4183 πολλὰ
308 4135 355 4186 καὶ
373 4130 441 4200 ἡδέα
460 4137 508 4188 καὶ
525 4131 694 4189 παντοδαπὰ
712 4128 834 4202 εὐώχουν
853 4129 933 4202 ὑμᾶς,
952 4129 999 4182 ubi
1018 4147 1044 4180 v.
1063 4132 1200 4189 Heindorf.
1224 4137 1352 4201 Prougor.

199 4222 247 4272 341
268 4221 307 4272 A:
338 4215 452 4292 ἄπειρος
474 4221 545 4276 εἶναι
569 4226 674 4291 φαίνει,
699 4219 750 4290 οὐχ
773 4217 866 4287 ὥσπερ
889 4217 944 4288 tyn>
968 4219 1098 4290 ἔμπειρος
1121 4219 1166 4274 διὰ
1185 4218 1216 4273 τὸ
1234 4215 1352 4292 μαθητὴς

198 4305 276 4362 εἶναι.
303 4311 437 4378 Aristoph.
451 4312 551 4377 Equitt.
572 4327 599 4362 v.
620 4314 682 4362 784:
703 4306 736 4362 οὐ
755 4309 894 4381 φροντίζει
913 4309 1035 4380 σκληρῶς
1051 4323 1082 4363 σε
1094 4305 1253 4382 καθήμενον
1266 4305 1351 4370 οὕτως,

200 4393 252 4463 οὐχ
270 4390 363 4468 ὥσπερ
383 4395 437 4466 ἐγὼ
456 4392 619 4469 ῥαψάμενός
638 4411 683 4450 σοι
700 4400 775 4452 τουτὶ
794 4399 881 4468 φέρω.

273 4483 369 4554 ’Πίὰ
389 4501 491 4540 excurs.
511 4487 546 4544 ΙΙ,
